3517 5175
701 303 923 368 ..69-

229 487 260 548 et
297 483 389 566 Vulg.
431 484 531 565 mia,
574 483 698 566 idem,
741 486 867 565 totus,
905 482 1008 567 plur.
1046 502 1202 566 omnes,
1240 483 1394 546 omnia<

227 589 442 682 reddiderunt.

337 715 399 781 Sed
423 719 589 799 postquam
613 716 653 781 de
676 716 810 781 articulo
834 715 873 779 ab
898 718 1032 797 utraque
1056 716 1315 799 interpretatione
1344 719 1399 779 aut

226 823 341 886 omisso
372 829 428 886 aut
456 822 600 907 pluribus
623 822 738 904 verbis,
769 823 936 888 sententiis
959 823 1100 888 maxime
1123 822 1273 905 relativis,
1297 821 1398 905 expli·

226 933 296 994 cato
320 931 453 1013 egimus,
475 931 540 994 iam
563 931 675 1014 paucis
699 949 908 1018 exponamus,
939 949 1077 1013 quonam
1102 929 1197 994 modo
1227 929 1397 994 articulum

225 1036 466 1101 nominibus
507 1038 692 1121 propriis
733 1038 910 1122 peregrinis
946 1038 1134 1102 adiunctum
1173 1038 1398 1121 expresserint,

225 1146 280 1228 qui
310 1144 464 1209 Romanis
492 1146 527 1208 in
558 1143 758 1210 declinandis
788 1144 973 1208 nominibus
1002 1144 1138 1228 propriis
1162 1144 1271 1226 defuit,
1302 1143 1399 1210 Grae·

224 1252 274 1317 bis
297 1252 424 1336 profuit

337 1376 444 1441 Primo
490 1375 530 1442 de
574 1376 760 1440 nominibus
803 1377 939 1461 propriis
984 1376 1205 1458 Abraham,
1250 1376 1398 1460 Israel,

223 1484 504 1567 Hierusalem,
527 1484 692 1567 Moyses
715 1483 918 1566 disseramus,
942 1485 1060 1568 quippe
1080 1485 1134 1567 qui
1153 1484 1300 1568 plurimis
1319 1484 1399 1549 locis

224 1596 360 1656 exstent

337 1715 436 1780 Casus
458 1717 617 1800 genetivis
640 1718 720 1799 sing.
749 1717 890 1780 nominis
918 1717 1037 1800 proprii
1065 1716 1265 1780 »Abraham«
1297 1717 1399 1781 forma

222 1824 259 1887 in
284 1822 421 1907 Vulgata
443 1823 510 1889 iero
533 1843 660 1908 semper
686 1822 872 1889 ›Abrahae‹
896 1823 1020 1907 legitur,
1043 1824 1079 1886 in
1098 1822 1178 1888 Itala
1196 1822 1246 1887 bis
1263 1823 1397 1887 formam

227 1929 429 1995 ›Abraham‹
456 1931 584 2011 invoni3

336 2036 445 2101 Mauh.
478 2040 574 2121 2232
585 2037 607 2118 ¹)
640 2029 704 2125 ἐγώ
737 2033 805 2120 εἶμι
837 2029 855 2098 ὁ
889 2034 972 2116 θεὸς
996 2029 1151 2121 Ἀβραὰμ
1181 2035 1238 2103 καὶ
1267 2030 1286 2102 ὁ
1316 2033 1399 2114 θεὸς

219 2136 332 2208 Ἰσαὰκ
364 2140 420 2207 καὶ
450 2141 471 2210 d
500 2140 584 2220 θεὸς
610 2135 737 2226 Ἰακώβ,
769 2145 857 2226 Itala,
888 2146 942 2209 cui
974 2144 1111 2228 Vulgata
1141 2144 1304 2229 congruit:
1340 2164 1398 2228 ego

221 2270 296 2314 sum
320 2251 400 2316 deus
422 2251 585 2316 Abraham
610 2255 642 2316 et
664 2251 743 2316 daus
766 2252 857 2316 lsaam
881 2256 914 2316 et
936 2252 1015 2318 deus
1037 2251 1155 2316 Jacob:

335 2358 424 2423 Rom.
448 2360 555 2440 4,12²)
577 2359 636 2422 τοῦ
660 2356 788 2445 πατρὸς
812 2350 902 2445 ἡμῶν
922 2350 1083 2444 Ἀβραάμ,
1115 2359 1151 2423 lt
1174 2360 1273 2444 patris
1296 2359 1397 2423 nostri

221 2465 444 2548 Abraham,
468 2467 561 2549 Vulg.
585 2466 743 2531 Abrahae.

338 2592 481 2670 Quorum
504 2593 646 2657 locorum
669 2591 723 2657 ille
747 2593 786 2658 de
809 2592 923 2657 Exodo
948 2592 1152 2676 depromptus
1175 2593 1237 2657 duo
1265 2593 1398 2656 nomina

222 2700 353 2783 propria
383 2699 625 2764 indeclinabilia
655 2699 747 2765 Isaac
779 2704 810 2765 et
837 2700 938 2765 Jacob
970 2702 1119 2782 continet
1146 2700 1235 2765 undo
1264 2701 1397 2764 fortasse

222 2806 345 2871 tactum
369 2812 424 2888 est,
448 2812 484 2870 ut
506 2807 652 2889 analogia
676 2806 895 2889 Hieronymus
918 2826 1046 2890 queque
1075 2807 1209 2870 formam
1240 2807 1397 2889 integram

229 2913 429 2977 ›Abraham‹
456 2914 615 2995 retineret,
639 2913 737 2979 altero
760 2913 830 2978 loco
849 2933 967 2979 nomen
983 2914 1145 2978 Abraham
1161 2913 1396 2978 substantivum

226 3022 405 3104 appositum
431 3023 549 3105 »patris
566 3023 684 3085 nostri«
707 3022 858 3104 sequitur,
883 3021 968 3104 quod
987 3041 1096 3085 casnm
1116 3022 1303 3106 genetivum
1321 3023 1397 3086 satis

226 3127 420 3212 explanavit,
437 3134 475 3193 ut
489 3134 600 3193 auctor
614 3128 714 3194 Italae
733 3129 767 3191 in
788 3128 891 3192 forma
914 3128 1115 3193 ›Abraham‹
1138 3128 1396 3212 acquiescerem).

336 3252 485 3318 Genetivi
514 3253 650 3318 formam
675 3252 901 3318 »Abrahae«
935 3258 967 3318 et
996 3252 1063 3317 Gal.
1096 3254 1169 3335 3‚29
1201 3252 1397 3338 deprehendi

224 3360 372 3443 genetivo
402 3361 540 3424 nominis
569 3361 689 3445 proprii
719 3361 964 3444 substantivum,
996 3361 1048 3425 cui
1080 3361 1273 3443 adiungitur,
1305 3380 1396 3444 prae-

224 3468 373 3532 cedente:
406 3468 466 3531 τοῦ
494 3458 645 3555 Ἀβραὰμ
678 3464 823 3550 σπέρμα,
854 3468 934 3550 itt),
964 3487 1049 3532 nova
1079 3468 1191 3551 fragm.
1221 3467 1268 3551 It,
1301 3466 1395 3550 Vulg.

223 3574 410 3640 Abrahae
433 3595 553 3656 semen,
576 3578 781 3658 etquattuor
803 3575 875 3638 aliis
897 3574 976 3640 locis
995 3575 1143 3659 genetivo
1161 3575 1394 3639 substantivum

224 3688 394 3764 sequente:

334 3790 424 3853 Rom.
449 3790 498 3872 9,7
519 3787 653 3874 σπέρμα
671 3779 835 3874 Ἀβραάμ,
856 3788 926 3870 Ill)
946 3792 977 3854 et
995 3788 1089 3873 Vulg.
1109 3787 1257 3853 Abrahae
1275 3808 1394 3873 semen,

335 3896 402 3961 Gal.
437 3898 512 3979 3,14
547 3887 566 3982 ἢ
599 3887 735 3979 εὐλογία
766 3896 826 3961 τοῦ
853 3887 1017 3984 Ἀβραάμ,
1051 3916 1136 3961 nora
1163 3897 1273 3980 fragm.
1297 3896 1334 3961 It
1362 3902 1395 3962 et

225 4002 318 4087 Vulg.
342 4003 521 4070 benedictio
545 4003 702 4084 Abrahae,

331 4180 353 4250 ¹)
372 4183 464 4235 contra
481 4180 570 4236 Fanat
592 4180 677 4246 16:34.

331 4268 352 4335 'l
371 4272 463 4323 contm
480 4269 569 4325 Fanst.
591 4269 676 4336 1237.

334 4360 354 4426 ⁸)
375 4358 491 4414 Lnther:
512 4359 646 4414 ›Unseres
664 4360 761 4413 Vetere
779 4358 940 4414 Abrabam«.

330 4448 352 4519 ⁴)
370 4450 461 4503 contra
479 4447 568 4502 Faust.
587 4449 648 4516 329
667 4448 745 4504 etde
764 4449 830 4505 Gen.
849 4450 881 4503 ad
901 4449 950 4504 litt.
972 4449 1056 4517 11,24.

331 4537 352 4607 ⁶)
372 4540 465 4592 contra
482 4536 571 4593 namu
592 4538 660 4607 12,5.
