<?xml version="1.0" encoding="UTF-8"?>
<!DOCTYPE html PUBLIC "-//W3C//DTD XHTML 1.0 Transitional//EN"
    "http://www.w3.org/TR/xhtml1/DTD/xhtml1-transitional.dtd">
<html xmlns="http://www.w3.org/1999/xhtml" xml:lang="en" lang="en">
 <head>
  <title>
</title>
<meta http-equiv="Content-Type" content="text/html;charset=utf-8" />
  <meta name='ocr-system' content='tesseract 3.04.00' />
  <meta name='ocr-capabilities' content='ocr_page ocr_carea ocr_par ocr_line ocrx_word'/>
</head>
<body>
  <div class='ocr_page' id='page_1' title='image "./quaesititalaequ00ehrlgoog_0079.png"; bbox 0 0 3517 5175; ppageno 0'>
   <div class='ocr_carea' id='block_1_1' title="bbox 680 375 902 437">
    <p class='ocr_par' dir='ltr' id='par_1_1' title="bbox 680 375 902 437">
     <span class='ocr_line' id='line_1_1' title="bbox 680 375 902 437; baseline 0 -17"><span class='ocrx_word' id='word_1_1' title='bbox 680 375 902 437; x_wconf 73' lang='grc'>..73-</span> 
     </span>
    </p>
   </div>
   <div class='ocr_carea' id='block_1_2' title="bbox 207 547 1379 742">
    <p class='ocr_par' dir='ltr' id='par_1_2' title="bbox 207 547 1379 742">
     <span class='ocr_line' id='line_1_2' title="bbox 320 547 1379 639; baseline 0.002 -24"><span class='ocrx_word' id='word_1_2' title='bbox 320 550 487 616; x_wconf 87' lang='lat' dir='ltr'>Praeterea</span> <span class='ocrx_word' id='word_1_3' title='bbox 522 551 580 615; x_wconf 77' lang='lat' dir='ltr'>»id</span> <span class='ocrx_word' id='word_1_4' title='bbox 611 553 763 635; x_wconf 73' lang='lat' dir='ltr'>ipsum«</span> <span class='ocrx_word' id='word_1_5' title='bbox 801 573 858 637; x_wconf 92' lang='lat' dir='ltr'>pro</span> <span class='ocrx_word' id='word_1_6' title='bbox 890 551 928 617; x_wconf 82' lang='grc' dir='ltr'>τὸ</span> <span class='ocrx_word' id='word_1_7' title='bbox 959 547 1040 620; x_wconf 79' lang='grc' dir='ltr'><strong><em>αὐτό</em></strong></span> <span class='ocrx_word' id='word_1_8' title='bbox 1071 554 1229 619; x_wconf 88' lang='lat' dir='ltr'>redditum</span> <span class='ocrx_word' id='word_1_9' title='bbox 1253 556 1379 639; x_wconf 87' lang='lat' dir='ltr'>repperi</span> 
     </span>
     <span class='ocr_line' id='line_1_3' title="bbox 207 658 1091 742; baseline 0.001 -19"><span class='ocrx_word' id='word_1_10' title='bbox 207 658 296 723; x_wconf 88' lang='lat' dir='ltr'>Rom.</span> <span class='ocrx_word' id='word_1_11' title='bbox 322 659 402 741; x_wconf 82' lang='lat'>15,5.</span> <span class='ocrx_word' id='word_1_12' title='bbox 451 660 478 722; x_wconf 93' lang='grc'>1.</span> <span class='ocrx_word' id='word_1_13' title='bbox 502 658 572 722; x_wconf 80' lang='lat' dir='ltr'>Cor.</span> <span class='ocrx_word' id='word_1_14' title='bbox 597 660 781 742; x_wconf 79' lang='grc' dir='ltr'><strong><em>λ,5.12,25.</em></strong></span> <span class='ocrx_word' id='word_1_15' title='bbox 828 662 857 724; x_wconf 88' lang='grc'>2.</span> <span class='ocrx_word' id='word_1_16' title='bbox 882 659 952 725; x_wconf 84' lang='lat' dir='ltr'>Gor.</span> <span class='ocrx_word' id='word_1_17' title='bbox 977 663 1091 742; x_wconf 86' lang='lat'>3,141).</span> 
     </span>
    </p>
   </div>
   <div class='ocr_carea' id='block_1_3' title="bbox 317 781 1380 888">
    <p class='ocr_par' dir='ltr' id='par_1_3' title="bbox 317 781 1380 888">
     <span class='ocr_line' id='line_1_4' title="bbox 317 781 1380 888; baseline 0.002 -23"><span class='ocrx_word' id='word_1_18' title='bbox 317 801 436 867; x_wconf 84' lang='lat' dir='ltr'>Eadem</span> <span class='ocrx_word' id='word_1_19' title='bbox 463 804 512 866; x_wconf 82' lang='lat' dir='ltr'>ris</span> <span class='ocrx_word' id='word_1_20' title='bbox 532 801 781 867; x_wconf 82' lang='lat' dir='ltr'>demonstrativa</span> <span class='ocrx_word' id='word_1_21' title='bbox 799 802 984 886; x_wconf 86' lang='lat' dir='ltr'>diligentins</span> <span class='ocrx_word' id='word_1_22' title='bbox 1003 781 1068 869; x_wconf 80' lang='lat' dir='ltr'>rem</span> <span class='ocrx_word' id='word_1_23' title='bbox 1089 804 1245 869; x_wconf 87' lang='lat' dir='ltr'>denotans</span> <span class='ocrx_word' id='word_1_24' title='bbox 1263 805 1380 888; x_wconf 81' lang='lat' dir='ltr'>effecit,</span> 
     </span>
    </p>
   </div>
   <div class='ocr_carea' id='block_1_4' title="bbox 205 909 1381 1084">
    <p class='ocr_par' dir='ltr' id='par_1_4' title="bbox 205 909 1381 1084">
     <span class='ocr_line' id='line_1_5' title="bbox 207 909 1381 996; baseline 0.002 -23"><span class='ocrx_word' id='word_1_25' title='bbox 207 916 242 973; x_wconf 89' lang='lat' dir='ltr'>ut</span> <span class='ocrx_word' id='word_1_26' title='bbox 276 909 391 976; x_wconf 86' lang='lat' dir='ltr'>Graeci</span> <span class='ocrx_word' id='word_1_27' title='bbox 425 910 511 974; x_wconf 87' lang='lat' dir='ltr'><strong>haud</strong></span> <span class='ocrx_word' id='word_1_28' title='bbox 546 930 616 975; x_wconf 89' lang='lat' dir='ltr'>raro</span> <span class='ocrx_word' id='word_1_29' title='bbox 652 910 786 975; x_wconf 79' lang='lat' dir='ltr'>articulo</span> <span class='ocrx_word' id='word_1_30' title='bbox 820 931 998 995; x_wconf 83' lang='lat' dir='ltr'>pronomen</span> <span class='ocrx_word' id='word_1_31' title='bbox 1032 913 1246 996; x_wconf 79' lang='lat' dir='ltr'><strong>possessivum</strong></span> <span class='ocrx_word' id='word_1_32' title='bbox 1282 913 1381 996; x_wconf 83' lang='lat' dir='ltr'>signi·</span> 
     </span>
     <span class='ocr_line' id='line_1_6' title="bbox 205 1018 350 1084; baseline 0.021 -4"><span class='ocrx_word' id='word_1_33' title='bbox 205 1018 350 1084; x_wconf 81' lang='lat' dir='ltr'>licerent</span> 
     </span>
    </p>
   </div>
   <div class='ocr_carea' id='block_1_5' title="bbox 206 1160 1380 1461">
    <p class='ocr_par' dir='ltr' id='par_1_5' title="bbox 206 1160 1380 1461">
     <span class='ocr_line' id='line_1_7' title="bbox 318 1160 1380 1248; baseline -0.001 -21"><span class='ocrx_word' id='word_1_34' title='bbox 318 1160 414 1228; x_wconf 80' lang='lat' dir='ltr'>Unde</span> <span class='ocrx_word' id='word_1_35' title='bbox 436 1162 556 1227; x_wconf 85' lang='lat' dir='ltr'>faotnm</span> <span class='ocrx_word' id='word_1_36' title='bbox 581 1169 637 1244; x_wconf 67' lang='lat' dir='ltr'>est,</span> <span class='ocrx_word' id='word_1_37' title='bbox 660 1168 695 1226; x_wconf 91' lang='lat' dir='ltr'>nt</span> <span class='ocrx_word' id='word_1_38' title='bbox 717 1163 798 1227; x_wconf 89' lang='lat' dir='ltr'><strong>Itala</strong></span> <span class='ocrx_word' id='word_1_39' title='bbox 821 1182 949 1245; x_wconf 90' lang='lat' dir='ltr'>quoque</span> <span class='ocrx_word' id='word_1_40' title='bbox 973 1168 1004 1227; x_wconf 89' lang='lat' dir='ltr'>ot</span> <span class='ocrx_word' id='word_1_41' title='bbox 1026 1162 1165 1245; x_wconf 75' lang='lat' dir='ltr'><strong>Vulgata</strong></span> <span class='ocrx_word' id='word_1_42' title='bbox 1193 1163 1279 1227; x_wconf 88' lang='lat' dir='ltr'><strong>haud</strong></span> <span class='ocrx_word' id='word_1_43' title='bbox 1302 1184 1380 1248; x_wconf 89' lang='lat' dir='ltr'>pau-</span> 
     </span>
     <span class='ocr_line' id='line_1_8' title="bbox 206 1269 1380 1354; baseline -0.001 -20"><span class='ocrx_word' id='word_1_44' title='bbox 206 1269 253 1334; x_wconf 86' lang='lat' dir='ltr'>ois</span> <span class='ocrx_word' id='word_1_45' title='bbox 275 1269 354 1334; x_wconf 85' lang='lat' dir='ltr'>loeis</span> <span class='ocrx_word' id='word_1_46' title='bbox 378 1269 535 1335; x_wconf 87' lang='lat' dir='ltr'>eiusmodi</span> <span class='ocrx_word' id='word_1_47' title='bbox 558 1270 728 1334; x_wconf 84' lang='lat' dir='ltr'>articulum</span> <span class='ocrx_word' id='word_1_48' title='bbox 747 1272 938 1354; x_wconf 82' lang='lat' dir='ltr'>pronomine</span> <span class='ocrx_word' id='word_1_49' title='bbox 956 1270 1135 1354; x_wconf 87' lang='lat' dir='ltr'>possessivo</span> <span class='ocrx_word' id='word_1_50' title='bbox 1155 1272 1380 1354; x_wconf 70' lang='lat' dir='ltr'>exprimerent,</span> 
     </span>
     <span class='ocr_line' id='line_1_9' title="bbox 206 1377 727 1461; baseline -0.004 -20"><span class='ocrx_word' id='word_1_51' title='bbox 206 1377 299 1441; x_wconf 86' lang='lat' dir='ltr'>ouius</span> <span class='ocrx_word' id='word_1_52' title='bbox 322 1377 402 1443; x_wconf 82' lang='lat' dir='ltr'>haee</span> <span class='ocrx_word' id='word_1_53' title='bbox 426 1377 539 1460; x_wconf 79' lang='lat' dir='ltr'>collegi</span> <span class='ocrx_word' id='word_1_54' title='bbox 563 1377 727 1461; x_wconf 81' lang='lat' dir='ltr'>exempla:</span> 
     </span>
    </p>
   </div>
   <div class='ocr_carea' id='block_1_6' title="bbox 203 1498 1380 1890">
    <p class='ocr_par' dir='ltr' id='par_1_6' title="bbox 203 1498 1380 1890">
     <span class='ocr_line' id='line_1_10' title="bbox 320 1498 1379 1587; baseline 0.002 -22"><span class='ocrx_word' id='word_1_55' title='bbox 320 1504 347 1566; x_wconf 90' lang='lat' dir='ltr'>l.</span> <span class='ocrx_word' id='word_1_56' title='bbox 370 1502 464 1568; x_wconf 90' lang='lat' dir='ltr'>Pron.</span> <span class='ocrx_word' id='word_1_57' title='bbox 486 1522 621 1587; x_wconf 90' lang='lat' dir='ltr'>possess.</span> <span class='ocrx_word' id='word_1_58' title='bbox 645 1522 756 1567; x_wconf 91' lang='lat' dir='ltr'>mens</span> <span class='ocrx_word' id='word_1_59' title='bbox 780 1502 950 1568; x_wconf 81' lang='lat' dir='ltr'>exhibetur</span> <span class='ocrx_word' id='word_1_60' title='bbox 972 1502 1044 1567; x_wconf 87' lang='lat' dir='ltr'>Joh.</span> <span class='ocrx_word' id='word_1_61' title='bbox 1066 1503 1160 1584; x_wconf 60' lang='lat'>1638</span> <span class='ocrx_word' id='word_1_62' title='bbox 1180 1498 1323 1586; x_wconf 75' lang='grc' dir='ltr'><strong><em>ἐξῆλθον</em></strong></span> <span class='ocrx_word' id='word_1_63' title='bbox 1343 1500 1379 1569; x_wconf 77' lang='grc' dir='ltr'>ἐκ</span> 
     </span>
     <span class='ocr_line' id='line_1_11' title="bbox 204 1603 1380 1694; baseline 0 -20"><span class='ocrx_word' id='word_1_64' title='bbox 204 1611 264 1675; x_wconf 80' lang='grc' dir='ltr'>τοῦ</span> <span class='ocrx_word' id='word_1_65' title='bbox 297 1603 435 1694; x_wconf 79' lang='grc' dir='ltr'><strong><em>πατρός,</em></strong></span> <span class='ocrx_word' id='word_1_66' title='bbox 464 1609 502 1674; x_wconf 81' lang='lat' dir='ltr'>It</span> <span class='ocrx_word' id='word_1_67' title='bbox 532 1631 552 1674; x_wconf 90' lang='lat' dir='ltr'><strong>a</strong></span> <span class='ocrx_word' id='word_1_68' title='bbox 580 1616 668 1694; x_wconf 85' lang='lat' dir='ltr'>patre</span> <span class='ocrx_word' id='word_1_69' title='bbox 701 1629 786 1675; x_wconf 94' lang='lat' dir='ltr'>meo</span> <span class='ocrx_word' id='word_1_70' title='bbox 816 1611 965 1694; x_wconf 75' lang='lat' dir='ltr'>processi,</span> <span class='ocrx_word' id='word_1_71' title='bbox 990 1609 1083 1693; x_wconf 83' lang='lat' dir='ltr'><strong>Vulg.</strong></span> <span class='ocrx_word' id='word_1_72' title='bbox 1112 1611 1199 1676; x_wconf 81' lang='lat' dir='ltr'>exivi</span> <span class='ocrx_word' id='word_1_73' title='bbox 1229 1631 1249 1674; x_wconf 88' lang='lat' dir='ltr'><strong>a</strong></span> <span class='ocrx_word' id='word_1_74' title='bbox 1281 1617 1380 1694; x_wconf 83' lang='lat' dir='ltr'>patre,</span> 
     </span>
     <span class='ocr_line' id='line_1_12' title="bbox 203 1710 1380 1804; baseline -0.001 -23"><span class='ocrx_word' id='word_1_75' title='bbox 203 1716 277 1781; x_wconf 87' lang='lat' dir='ltr'>Joh.</span> <span class='ocrx_word' id='word_1_76' title='bbox 310 1717 404 1799; x_wconf 61' lang='lat'>1236</span> <span class='ocrx_word' id='word_1_77' title='bbox 434 1713 567 1803; x_wconf 76' lang='grc' dir='ltr'><strong><em>τιμήσει</em></strong></span> <span class='ocrx_word' id='word_1_78' title='bbox 591 1710 692 1782; x_wconf 76' lang='grc' dir='ltr'><strong><em>αὐτὸν</em></strong></span> <span class='ocrx_word' id='word_1_79' title='bbox 715 1711 733 1780; x_wconf 79' lang='grc' dir='ltr'>ὁ</span> <span class='ocrx_word' id='word_1_80' title='bbox 758 1713 880 1804; x_wconf 67' lang='grc' dir='ltr'><strong><em>πατὴρ,</em></strong></span> <span class='ocrx_word' id='word_1_81' title='bbox 913 1717 950 1782; x_wconf 87' lang='lat' dir='ltr'>It.</span> <span class='ocrx_word' id='word_1_82' title='bbox 981 1722 1013 1782; x_wconf 88' lang='lat' dir='ltr'>et</span> <span class='ocrx_word' id='word_1_83' title='bbox 1037 1717 1130 1802; x_wconf 86' lang='lat' dir='ltr'><strong>Vulg.</strong></span> <span class='ocrx_word' id='word_1_84' title='bbox 1153 1717 1380 1782; x_wconf 80' lang='lat' dir='ltr'>honorificabit</span> 
     </span>
     <span class='ocr_line' id='line_1_13' title="bbox 205 1824 540 1890; baseline 0 -1"><span class='ocrx_word' id='word_1_85' title='bbox 205 1843 281 1889; x_wconf 88' lang='lat' dir='ltr'>enm</span> <span class='ocrx_word' id='word_1_86' title='bbox 304 1824 400 1890; x_wconf 89' lang='lat' dir='ltr'>Pater</span> <span class='ocrx_word' id='word_1_87' title='bbox 421 1844 540 1890; x_wconf 91' lang='lat' dir='ltr'>meus.</span> 
     </span>
    </p>
   </div>
   <div class='ocr_carea' id='block_1_7' title="bbox 204 1968 1380 2374">
    <p class='ocr_par' dir='ltr' id='par_1_7' title="bbox 204 1968 1380 2374">
     <span class='ocr_line' id='line_1_14' title="bbox 317 1968 1380 2053; baseline 0 -21"><span class='ocrx_word' id='word_1_88' title='bbox 317 1969 346 2032; x_wconf 85' lang='lat'>2.</span> <span class='ocrx_word' id='word_1_89' title='bbox 393 1968 488 2032; x_wconf 88' lang='lat' dir='ltr'>Pron.</span> <span class='ocrx_word' id='word_1_90' title='bbox 538 1988 672 2051; x_wconf 91' lang='lat' dir='ltr'>possess.</span> <span class='ocrx_word' id='word_1_91' title='bbox 719 1973 814 2032; x_wconf 87' lang='lat' dir='ltr'>tuus</span> <span class='ocrx_word' id='word_1_92' title='bbox 856 1970 892 2031; x_wconf 91' lang='lat' dir='ltr'>in</span> <span class='ocrx_word' id='word_1_93' title='bbox 942 1973 1077 2051; x_wconf 85' lang='lat' dir='ltr'>utraque</span> <span class='ocrx_word' id='word_1_94' title='bbox 1119 1970 1380 2053; x_wconf 79' lang='lat' dir='ltr'>interpretatione</span> 
     </span>
     <span class='ocr_line' id='line_1_15' title="bbox 204 2070 1379 2164; baseline -0.001 -24"><span class='ocrx_word' id='word_1_95' title='bbox 204 2078 345 2141; x_wconf 74' lang='lat' dir='ltr'>occurrit</span> <span class='ocrx_word' id='word_1_96' title='bbox 371 2076 481 2139; x_wconf 86' lang='lat' dir='ltr'><strong>Matth.</strong></span> <span class='ocrx_word' id='word_1_97' title='bbox 515 2077 609 2156; x_wconf 63' lang='lat' dir='ltr'>lale</span> <span class='ocrx_word' id='word_1_98' title='bbox 642 2070 722 2157; x_wconf 77' lang='grc' dir='ltr'><strong><em>τιίια</em></strong></span> <span class='ocrx_word' id='word_1_99' title='bbox 751 2072 809 2138; x_wconf 80' lang='grc' dir='ltr'>τὸν</span> <span class='ocrx_word' id='word_1_100' title='bbox 839 2072 969 2158; x_wconf 81' lang='grc' dir='ltr'><strong><em>πατέρα</em></strong></span> <span class='ocrx_word' id='word_1_101' title='bbox 1000 2076 1057 2142; x_wconf 84' lang='grc' dir='ltr'>καὶ</span> <span class='ocrx_word' id='word_1_102' title='bbox 1084 2073 1144 2163; x_wconf 70' lang='grc' dir='ltr'>τὴν</span> <span class='ocrx_word' id='word_1_103' title='bbox 1171 2076 1310 2164; x_wconf 71' lang='grc' dir='ltr'><strong><em>μητέρα,</em></strong></span> <span class='ocrx_word' id='word_1_104' title='bbox 1342 2076 1379 2139; x_wconf 85' lang='lat' dir='ltr'>Il.</span> 
     </span>
     <span class='ocr_line' id='line_1_16' title="bbox 204 2182 1378 2267; baseline 0 -21"><span class='ocrx_word' id='word_1_105' title='bbox 204 2184 326 2249; x_wconf 90' lang='lat' dir='ltr'>honora</span> <span class='ocrx_word' id='word_1_106' title='bbox 363 2186 485 2267; x_wconf 87' lang='lat' dir='ltr'>patrem</span> <span class='ocrx_word' id='word_1_107' title='bbox 519 2187 630 2246; x_wconf 88' lang='lat' dir='ltr'>tuum</span> <span class='ocrx_word' id='word_1_108' title='bbox 666 2188 697 2247; x_wconf 91' lang='lat' dir='ltr'>et</span> <span class='ocrx_word' id='word_1_109' title='bbox 731 2186 874 2265; x_wconf 83' lang='lat' dir='ltr'>matrem,</span> <span class='ocrx_word' id='word_1_110' title='bbox 909 2182 996 2267; x_wconf 84' lang='lat' dir='ltr'><strong>Vulg</strong></span> <span class='ocrx_word' id='word_1_111' title='bbox 996 2233 1143 2248; x_wconf 88' lang='grc'><strong>.....</strong></span> <span class='ocrx_word' id='word_1_112' title='bbox 1178 2190 1210 2249; x_wconf 86' lang='lat' dir='ltr'>et</span> <span class='ocrx_word' id='word_1_113' title='bbox 1245 2188 1378 2249; x_wconf 89' lang='lat' dir='ltr'>matrem</span> 
     </span>
     <span class='ocr_line' id='line_1_17' title="bbox 204 2297 349 2374; baseline -0.021 -18"><span class='ocrx_word' id='word_1_114' title='bbox 204 2297 251 2356; x_wconf 88' lang='lat' dir='ltr'>tu</span> <span class='ocrx_word' id='word_1_115' title='bbox 266 2310 349 2374; x_wconf 84' lang='lat' dir='ltr'>arn,</span> 
     </span>
    </p>
   </div>
   <div class='ocr_carea' id='block_1_8' title="bbox 203 2407 1380 2842">
    <p class='ocr_par' dir='ltr' id='par_1_8' title="bbox 204 2407 1380 2608">
     <span class='ocr_line' id='line_1_18' title="bbox 316 2407 1380 2498; baseline 0 -19"><span class='ocrx_word' id='word_1_116' title='bbox 316 2417 351 2480; x_wconf 94' lang='lat' dir='ltr'>in</span> <span class='ocrx_word' id='word_1_117' title='bbox 383 2415 463 2480; x_wconf 88' lang='lat' dir='ltr'><strong>Itala</strong></span> <span class='ocrx_word' id='word_1_118' title='bbox 500 2415 583 2479; x_wconf 87' lang='lat' dir='ltr'>sola:</span> <span class='ocrx_word' id='word_1_119' title='bbox 613 2414 691 2480; x_wconf 82' lang='lat' dir='ltr'><strong>Luc.</strong></span> <span class='ocrx_word' id='word_1_120' title='bbox 725 2416 797 2496; x_wconf 61' lang='grc'>639</span> <span class='ocrx_word' id='word_1_121' title='bbox 830 2413 868 2480; x_wconf 77' lang='grc' dir='ltr'>τὸ</span> <span class='ocrx_word' id='word_1_122' title='bbox 905 2407 1045 2498; x_wconf 79' lang='grc' dir='ltr'><strong><em>ἱμάτιον,</em></strong></span> <span class='ocrx_word' id='word_1_123' title='bbox 1082 2416 1118 2480; x_wconf 92' lang='lat' dir='ltr'>It.</span> <span class='ocrx_word' id='word_1_124' title='bbox 1155 2418 1380 2482; x_wconf 84' lang='lat' dir='ltr'>vestimentum</span> 
     </span>
     <span class='ocr_line' id='line_1_19' title="bbox 204 2523 709 2608; baseline -0.01 -18"><span class='ocrx_word' id='word_1_125' title='bbox 204 2530 330 2608; x_wconf 84' lang='lat' dir='ltr'>tuum,</span> <span class='ocrx_word' id='word_1_126' title='bbox 354 2523 448 2608; x_wconf 85' lang='lat' dir='ltr'><strong>Vulg.</strong></span> <span class='ocrx_word' id='word_1_127' title='bbox 472 2523 709 2605; x_wconf 84' lang='lat' dir='ltr'>vestimentum,</span> 
     </span>
    </p>

    <p class='ocr_par' dir='ltr' id='par_1_9' title="bbox 203 2643 1380 2842">
     <span class='ocr_line' id='line_1_20' title="bbox 315 2643 1380 2732; baseline 0 -19"><span class='ocrx_word' id='word_1_128' title='bbox 315 2651 351 2713; x_wconf 91' lang='lat' dir='ltr'>in</span> <span class='ocrx_word' id='word_1_129' title='bbox 386 2650 524 2731; x_wconf 81' lang='lat' dir='ltr'><strong>Vulgata</strong></span> <span class='ocrx_word' id='word_1_130' title='bbox 557 2649 640 2713; x_wconf 86' lang='lat' dir='ltr'>sola:</span> <span class='ocrx_word' id='word_1_131' title='bbox 676 2648 786 2712; x_wconf 83' lang='lat' dir='ltr'><strong>Matth.</strong></span> <span class='ocrx_word' id='word_1_132' title='bbox 823 2650 895 2730; x_wconf 85' lang='lat'><strong>6‚22</strong></span> <span class='ocrx_word' id='word_1_133' title='bbox 932 2643 950 2713; x_wconf 79' lang='grc' dir='ltr'><em>ὃ</em></span> <span class='ocrx_word' id='word_1_134' title='bbox 985 2643 1101 2731; x_wconf 69' lang='grc' dir='ltr'><strong><em>λίχνος</em></strong></span> <span class='ocrx_word' id='word_1_135' title='bbox 1133 2652 1192 2717; x_wconf 68' lang='lat' dir='ltr'>zoi</span> <span class='ocrx_word' id='word_1_136' title='bbox 1225 2643 1380 2732; x_wconf 77' lang='grc' dir='ltr'><strong><em>σώματός</em></strong></span> 
     </span>
     <span class='ocr_line' id='line_1_21' title="bbox 203 2748 1135 2842; baseline -0.003 -19"><span class='ocrx_word' id='word_1_137' title='bbox 203 2754 293 2823; x_wconf 75' lang='grc' dir='ltr'><strong><em>ἐστιν</em></strong></span> <span class='ocrx_word' id='word_1_138' title='bbox 316 2749 335 2819; x_wconf 82' lang='grc' dir='ltr'>ὸ</span> <span class='ocrx_word' id='word_1_139' title='bbox 360 2748 553 2842; x_wconf 74' lang='grc' dir='ltr'><strong><em>ὀφθαλμός,</em></strong></span> <span class='ocrx_word' id='word_1_140' title='bbox 579 2755 616 2820; x_wconf 84' lang='lat' dir='ltr'>It</span> <span class='ocrx_word' id='word_1_141' title='bbox 640 2757 761 2838; x_wconf 83' lang='lat' dir='ltr'>oculus,</span> <span class='ocrx_word' id='word_1_142' title='bbox 784 2757 878 2841; x_wconf 87' lang='lat' dir='ltr'>ang.</span> <span class='ocrx_word' id='word_1_143' title='bbox 903 2757 1015 2822; x_wconf 87' lang='lat' dir='ltr'>oonlus</span> <span class='ocrx_word' id='word_1_144' title='bbox 1038 2761 1135 2821; x_wconf 87' lang='lat' dir='ltr'>tuus.</span> 
     </span>
    </p>
   </div>
   <div class='ocr_carea' id='block_1_9' title="bbox 202 2899 1380 3095">
    <p class='ocr_par' dir='ltr' id='par_1_10' title="bbox 202 2899 1380 3095">
     <span class='ocr_line' id='line_1_22' title="bbox 317 2899 1380 2985; baseline -0.001 -21"><span class='ocrx_word' id='word_1_145' title='bbox 317 2902 346 2964; x_wconf 85' lang='lat'>3.</span> <span class='ocrx_word' id='word_1_146' title='bbox 369 2899 574 2964; x_wconf 90' lang='lat' dir='ltr'>Pronominis</span> <span class='ocrx_word' id='word_1_147' title='bbox 611 2919 745 2984; x_wconf 73' lang='lat' dir='ltr'>possess,</span> <span class='ocrx_word' id='word_1_148' title='bbox 783 2920 883 2964; x_wconf 87' lang='lat' dir='ltr'><strong>suus</strong></span> <span class='ocrx_word' id='word_1_149' title='bbox 920 2901 1000 2965; x_wconf 82' lang='lat' dir='ltr'>haee</span> <span class='ocrx_word' id='word_1_150' title='bbox 1038 2901 1185 2985; x_wconf 84' lang='lat' dir='ltr'>exempla</span> <span class='ocrx_word' id='word_1_151' title='bbox 1226 2901 1305 2964; x_wconf 87' lang='lat' dir='ltr'>mihi</span> <span class='ocrx_word' id='word_1_152' title='bbox 1346 2901 1380 2964; x_wconf 91' lang='lat' dir='ltr'>in</span> 
     </span>
     <span class='ocr_line' id='line_1_23' title="bbox 202 3011 464 3095; baseline -0.004 -23"><span class='ocrx_word' id='word_1_153' title='bbox 202 3011 352 3095; x_wconf 89' lang='lat' dir='ltr'>promptu</span> <span class='ocrx_word' id='word_1_154' title='bbox 375 3013 464 3073; x_wconf 88' lang='lat' dir='ltr'>sunt:</span> 
     </span>
    </p>
   </div>
   <div class='ocr_carea' id='block_1_10' title="bbox 204 3129 1381 3430">
    <p class='ocr_par' dir='ltr' id='par_1_11' title="bbox 204 3129 1381 3430">
     <span class='ocr_line' id='line_1_24' title="bbox 317 3129 1381 3216; baseline 0 -19"><span class='ocrx_word' id='word_1_155' title='bbox 317 3134 346 3209; x_wconf 88' lang='lat' dir='ltr'>a)</span> <span class='ocrx_word' id='word_1_156' title='bbox 380 3133 415 3196; x_wconf 91' lang='lat' dir='ltr'>in</span> <span class='ocrx_word' id='word_1_157' title='bbox 447 3137 584 3216; x_wconf 85' lang='lat' dir='ltr'>utraque</span> <span class='ocrx_word' id='word_1_158' title='bbox 627 3134 776 3197; x_wconf 84' lang='lat' dir='ltr'>versione</span> <span class='ocrx_word' id='word_1_159' title='bbox 811 3133 929 3216; x_wconf 82' lang='lat' dir='ltr'>legitur</span> <span class='ocrx_word' id='word_1_160' title='bbox 965 3133 1033 3196; x_wconf 83' lang='lat' dir='ltr'><strong>Gal.</strong></span> <span class='ocrx_word' id='word_1_161' title='bbox 1073 3134 1147 3216; x_wconf 82' lang='lat'>5,24</span> <span class='ocrx_word' id='word_1_162' title='bbox 1181 3129 1211 3200; x_wconf 81' lang='lat' dir='ltr'>oi</span> <span class='ocrx_word' id='word_1_163' title='bbox 1248 3134 1285 3200; x_wconf 77' lang='grc' dir='ltr'>δὲ</span> <span class='ocrx_word' id='word_1_164' title='bbox 1320 3132 1381 3197; x_wconf 85' lang='grc' dir='ltr'>ταῦ</span> 
     </span>
     <span class='ocr_line' id='line_1_25' title="bbox 204 3231 1379 3327; baseline 0.001 -25"><span class='ocrx_word' id='word_1_165' title='bbox 204 3243 355 3324; x_wconf 77' lang='grc' dir='ltr'><strong><em>Χριστοῦ</em></strong></span> <span class='ocrx_word' id='word_1_166' title='bbox 396 3231 503 3327; x_wconf 73' lang='grc' dir='ltr'><strong><em>Ἰησοῦ</em></strong></span> <span class='ocrx_word' id='word_1_167' title='bbox 538 3234 598 3326; x_wconf 77' lang='grc' dir='ltr'>τὴν</span> <span class='ocrx_word' id='word_1_168' title='bbox 635 3237 742 3323; x_wconf 80' lang='grc' dir='ltr'><em>σάρκα</em></span> <span class='ocrx_word' id='word_1_169' title='bbox 784 3238 1005 3326; x_wconf 76' lang='grc' dir='ltr'><strong><em>ἐσταύρωσαν,</em></strong></span> <span class='ocrx_word' id='word_1_170' title='bbox 1050 3241 1105 3323; x_wconf 90' lang='lat' dir='ltr'>qui</span> <span class='ocrx_word' id='word_1_171' title='bbox 1152 3245 1257 3305; x_wconf 88' lang='lat' dir='ltr'>antem</span> <span class='ocrx_word' id='word_1_172' title='bbox 1300 3239 1379 3305; x_wconf 88' lang='lat' dir='ltr'>Jesu</span> 
     </span>
     <span class='ocr_line' id='line_1_26' title="bbox 204 3346 1379 3430; baseline 0 -19"><span class='ocrx_word' id='word_1_173' title='bbox 204 3347 323 3411; x_wconf 76' lang='lat' dir='ltr'>Christi</span> <span class='ocrx_word' id='word_1_174' title='bbox 346 3353 429 3429; x_wconf 82' lang='lat' dir='ltr'>sunt,</span> <span class='ocrx_word' id='word_1_175' title='bbox 453 3366 582 3412; x_wconf 85' lang='lat' dir='ltr'>earnem</span> <span class='ocrx_word' id='word_1_176' title='bbox 606 3366 716 3410; x_wconf 88' lang='lat' dir='ltr'>snam</span> <span class='ocrx_word' id='word_1_177' title='bbox 741 3347 982 3429; x_wconf 79' lang='lat' dir='ltr'>erucifixerunt,</span> <span class='ocrx_word' id='word_1_178' title='bbox 1006 3353 1038 3412; x_wconf 92' lang='lat' dir='ltr'>et</span> <span class='ocrx_word' id='word_1_179' title='bbox 1063 3348 1090 3411; x_wconf 89' lang='lat'>1.</span> <span class='ocrx_word' id='word_1_180' title='bbox 1114 3346 1184 3412; x_wconf 79' lang='lat' dir='ltr'>(lor.</span> <span class='ocrx_word' id='word_1_181' title='bbox 1209 3348 1280 3429; x_wconf 82' lang='lat'>7‚11</span> <span class='ocrx_word' id='word_1_182' title='bbox 1302 3396 1308 3410; x_wconf 92' lang='lat'><strong>.</strong></span> <span class='ocrx_word' id='word_1_183' title='bbox 1327 3349 1379 3430; x_wconf 82' lang='lat'>37,</span> 
     </span>
    </p>
   </div>
   <div class='ocr_carea' id='block_1_11' title="bbox 203 3466 1380 3877">
    <p class='ocr_par' dir='ltr' id='par_1_12' title="bbox 203 3466 1380 3877">
     <span class='ocr_line' id='line_1_27' title="bbox 316 3466 1379 3554; baseline 0.001 -19"><span class='ocrx_word' id='word_1_184' title='bbox 316 3471 348 3553; x_wconf 85' lang='lat' dir='ltr'>b)</span> <span class='ocrx_word' id='word_1_185' title='bbox 385 3472 418 3535; x_wconf 91' lang='lat' dir='ltr'>in</span> <span class='ocrx_word' id='word_1_186' title='bbox 461 3471 526 3535; x_wconf 93' lang='lat' dir='ltr'>sola</span> <span class='ocrx_word' id='word_1_187' title='bbox 568 3470 649 3535; x_wconf 84' lang='lat' dir='ltr'><strong>Itala</strong></span> <span class='ocrx_word' id='word_1_188' title='bbox 682 3476 786 3538; x_wconf 79' lang='lat' dir='ltr'>exstat</span> <span class='ocrx_word' id='word_1_189' title='bbox 819 3471 930 3536; x_wconf 87' lang='lat' dir='ltr'><strong>Matth.</strong></span> <span class='ocrx_word' id='word_1_190' title='bbox 966 3473 1039 3554; x_wconf 84' lang='lat'>8,20</span> <span class='ocrx_word' id='word_1_191' title='bbox 1078 3466 1097 3537; x_wconf 76' lang='grc' dir='ltr'><strong>ὁ</strong></span> <span class='ocrx_word' id='word_1_192' title='bbox 1133 3468 1170 3537; x_wconf 78' lang='grc' dir='ltr'>δὲ</span> <span class='ocrx_word' id='word_1_193' title='bbox 1211 3468 1282 3550; x_wconf 77' lang='grc' dir='ltr'>υἱὸς</span> <span class='ocrx_word' id='word_1_194' title='bbox 1320 3472 1379 3536; x_wconf 83' lang='grc' dir='ltr'>τοῦ</span> 
     </span>
     <span class='ocr_line' id='line_1_28' title="bbox 204 3570 1378 3667; baseline -0.002 -22"><span class='ocrx_word' id='word_1_195' title='bbox 204 3571 391 3667; x_wconf 74' lang='grc' dir='ltr'>ἀνθρώπου</span> <span class='ocrx_word' id='word_1_196' title='bbox 422 3570 481 3644; x_wconf 74' lang='lat' dir='ltr'>oin</span> <span class='ocrx_word' id='word_1_197' title='bbox 511 3574 578 3660; x_wconf 73' lang='grc' dir='ltr'><strong><em>ἔχει</em></strong></span> <span class='ocrx_word' id='word_1_198' title='bbox 608 3581 676 3644; x_wconf 80' lang='grc' dir='ltr'>παῦ</span> <span class='ocrx_word' id='word_1_199' title='bbox 704 3574 763 3664; x_wconf 77' lang='grc' dir='ltr'>τὴν</span> <span class='ocrx_word' id='word_1_200' title='bbox 793 3575 943 3666; x_wconf 75' lang='grc' dir='ltr'><strong><em>κεφαλὴν</em></strong></span> <span class='ocrx_word' id='word_1_201' title='bbox 971 3576 1076 3667; x_wconf 73' lang='grc' dir='ltr'><strong><em>κλίνῃ,</em></strong></span> <span class='ocrx_word' id='word_1_202' title='bbox 1102 3580 1140 3644; x_wconf 81' lang='lat' dir='ltr'>It</span> <span class='ocrx_word' id='word_1_203' title='bbox 1162 3579 1250 3644; x_wconf 88' lang='lat' dir='ltr'>filius</span> <span class='ocrx_word' id='word_1_204' title='bbox 1273 3585 1378 3645; x_wconf 87' lang='lat' dir='ltr'>autem</span> 
     </span>
     <span class='ocr_line' id='line_1_29' title="bbox 205 3685 1380 3772; baseline 0.002 -23"><span class='ocrx_word' id='word_1_205' title='bbox 205 3687 344 3750; x_wconf 88' lang='lat' dir='ltr'>hominis</span> <span class='ocrx_word' id='word_1_206' title='bbox 374 3705 439 3751; x_wconf 93' lang='lat' dir='ltr'>non</span> <span class='ocrx_word' id='word_1_207' title='bbox 472 3685 576 3766; x_wconf 85' lang='lat' dir='ltr'>habet,</span> <span class='ocrx_word' id='word_1_208' title='bbox 613 3685 668 3749; x_wconf 88' lang='lat' dir='ltr'>ubi</span> <span class='ocrx_word' id='word_1_209' title='bbox 700 3690 796 3770; x_wconf 87' lang='lat' dir='ltr'>eaput</span> <span class='ocrx_word' id='word_1_210' title='bbox 827 3705 943 3749; x_wconf 88' lang='lat' dir='ltr'>suum</span> <span class='ocrx_word' id='word_1_211' title='bbox 976 3687 1121 3768; x_wconf 67' lang='lat' dir='ltr'>reclinet,</span> <span class='ocrx_word' id='word_1_212' title='bbox 1158 3686 1251 3770; x_wconf 83' lang='lat' dir='ltr'><strong>Vulg.</strong></span> <span class='ocrx_word' id='word_1_213' title='bbox 1284 3691 1380 3772; x_wconf 84' lang='lat' dir='ltr'>eaput</span> 
     </span>
     <span class='ocr_line' id='line_1_30' title="bbox 203 3792 1132 3877; baseline 0.001 -21"><span class='ocrx_word' id='word_1_214' title='bbox 203 3793 347 3877; x_wconf 78' lang='lat' dir='ltr'>reclinet,</span> <span class='ocrx_word' id='word_1_215' title='bbox 370 3795 441 3858; x_wconf 85' lang='lat' dir='ltr'>Aet.</span> <span class='ocrx_word' id='word_1_216' title='bbox 465 3813 513 3877; x_wconf 90' lang='lat' dir='ltr'>ap.</span> <span class='ocrx_word' id='word_1_217' title='bbox 539 3794 620 3876; x_wconf 86' lang='lat'>1,18.</span> <span class='ocrx_word' id='word_1_218' title='bbox 667 3795 696 3858; x_wconf 88' lang='grc'>2.</span> <span class='ocrx_word' id='word_1_219' title='bbox 718 3793 796 3858; x_wconf 78' lang='lat' dir='ltr'>Tim.</span> <span class='ocrx_word' id='word_1_220' title='bbox 820 3795 881 3876; x_wconf 60' lang='lat' dir='ltr'>nl,</span> <span class='ocrx_word' id='word_1_221' title='bbox 926 3792 1024 3858; x_wconf 88' lang='lat' dir='ltr'>Hebr.</span> <span class='ocrx_word' id='word_1_222' title='bbox 1049 3795 1132 3876; x_wconf 77' lang='lat'>7,10‚</span> 
     </span>
    </p>
   </div>
   <div class='ocr_carea' id='block_1_12' title="bbox 204 3909 1379 4216">
    <p class='ocr_par' dir='ltr' id='par_1_13' title="bbox 204 3909 1379 4216">
     <span class='ocr_line' id='line_1_31' title="bbox 316 3909 1379 4007; baseline -0.002 -22"><span class='ocrx_word' id='word_1_223' title='bbox 316 3922 346 4000; x_wconf 82' lang='grc' dir='ltr'>α)</span> <span class='ocrx_word' id='word_1_224' title='bbox 384 3920 417 3983; x_wconf 91' lang='lat' dir='ltr'>in</span> <span class='ocrx_word' id='word_1_225' title='bbox 452 3919 520 3983; x_wconf 89' lang='lat' dir='ltr'>sola</span> <span class='ocrx_word' id='word_1_226' title='bbox 555 3917 691 4001; x_wconf 83' lang='lat' dir='ltr'>Vulgata</span> <span class='ocrx_word' id='word_1_227' title='bbox 729 3920 756 3983; x_wconf 88' lang='lat'>1.</span> <span class='ocrx_word' id='word_1_228' title='bbox 796 3918 866 3983; x_wconf 77' lang='lat' dir='ltr'>(lor.</span> <span class='ocrx_word' id='word_1_229' title='bbox 909 3920 980 4001; x_wconf 78' lang='lat'>11,7</span> <span class='ocrx_word' id='word_1_230' title='bbox 1024 3909 1106 4005; x_wconf 76' lang='grc' dir='ltr'>ἀνὴρ</span> <span class='ocrx_word' id='word_1_231' title='bbox 1149 3910 1208 3984; x_wconf 79' lang='grc' dir='ltr'>οὐκ</span> <span class='ocrx_word' id='word_1_232' title='bbox 1249 3911 1379 4007; x_wconf 78' lang='grc' dir='ltr'><strong><em>ὀφείλει</em></strong></span> 
     </span>
     <span class='ocr_line' id='line_1_32' title="bbox 204 4019 1379 4114; baseline 0.001 -26"><span class='ocrx_word' id='word_1_233' title='bbox 204 4019 523 4092; x_wconf 77' lang='grc' dir='ltr'><strong><em>κατακαλύπτεσθαι</em></strong></span> <span class='ocrx_word' id='word_1_234' title='bbox 544 4022 604 4114; x_wconf 78' lang='grc' dir='ltr'>τὴν</span> <span class='ocrx_word' id='word_1_235' title='bbox 626 4021 785 4112; x_wconf 79' lang='grc' dir='ltr'><strong><em>κεφαλήν,</em></strong></span> <span class='ocrx_word' id='word_1_236' title='bbox 810 4025 847 4090; x_wconf 83' lang='lat' dir='ltr'>It</span> <span class='ocrx_word' id='word_1_237' title='bbox 870 4026 921 4089; x_wconf 91' lang='lat' dir='ltr'>vir</span> <span class='ocrx_word' id='word_1_238' title='bbox 942 4046 1008 4090; x_wconf 89' lang='lat' dir='ltr'>non</span> <span class='ocrx_word' id='word_1_239' title='bbox 1034 4025 1129 4092; x_wconf 86' lang='lat' dir='ltr'>debet</span> <span class='ocrx_word' id='word_1_240' title='bbox 1146 4027 1252 4092; x_wconf 85' lang='lat' dir='ltr'>velare</span> <span class='ocrx_word' id='word_1_241' title='bbox 1276 4030 1379 4111; x_wconf 70' lang='lat' dir='ltr'>capnt,</span> 
     </span>
     <span class='ocr_line' id='line_1_33' title="bbox 206 4130 847 4216; baseline 0.005 -22"><span class='ocrx_word' id='word_1_242' title='bbox 206 4130 299 4216; x_wconf 85' lang='lat' dir='ltr'><strong>Vulg.</strong></span> <span class='ocrx_word' id='word_1_243' title='bbox 324 4136 420 4216; x_wconf 86' lang='lat' dir='ltr'>eaput</span> <span class='ocrx_word' id='word_1_244' title='bbox 442 4152 573 4216; x_wconf 84' lang='lat' dir='ltr'>sunm,</span> <span class='ocrx_word' id='word_1_245' title='bbox 597 4137 629 4198; x_wconf 87' lang='lat' dir='ltr'>et</span> <span class='ocrx_word' id='word_1_246' title='bbox 651 4132 741 4198; x_wconf 88' lang='lat' dir='ltr'>Rom.</span> <span class='ocrx_word' id='word_1_247' title='bbox 767 4135 847 4215; x_wconf 82' lang='lat'>15,2.</span> 
     </span>
    </p>
   </div>
   <div class='ocr_carea' id='block_1_13' title="bbox 205 4272 1419 4473">
    <p class='ocr_par' dir='ltr' id='par_1_14' title="bbox 205 4272 1419 4473">
     <span class='ocr_line' id='line_1_34' title="bbox 317 4272 1419 4361; baseline 0.005 -23"><span class='ocrx_word' id='word_1_248' title='bbox 317 4273 509 4340; x_wconf 82' lang='lat' dir='ltr'>Genetirum</span> <span class='ocrx_word' id='word_1_249' title='bbox 537 4276 644 4341; x_wconf 74' lang='lat' dir='ltr'>›eius‹</span> <span class='ocrx_word' id='word_1_250' title='bbox 670 4276 869 4360; x_wconf 91' lang='lat' dir='ltr'>pronominis</span> <span class='ocrx_word' id='word_1_251' title='bbox 900 4296 1033 4360; x_wconf 88' lang='lat' dir='ltr'>possess.</span> <span class='ocrx_word' id='word_1_252' title='bbox 1065 4279 1094 4341; x_wconf 88' lang='lat'>3.</span> <span class='ocrx_word' id='word_1_253' title='bbox 1124 4296 1278 4361; x_wconf 88' lang='lat' dir='ltr'>personae</span> <span class='ocrx_word' id='word_1_254' title='bbox 1308 4277 1379 4342; x_wconf 88' lang='lat' dir='ltr'>vioe</span> <span class='ocrx_word' id='word_1_255' title='bbox 1416 4272 1419 4277; x_wconf 57' lang='grc'>“</span> 
     </span>
     <span class='ocr_line' id='line_1_35' title="bbox 205 4374 1380 4473; baseline 0.003 -28"><span class='ocrx_word' id='word_1_256' title='bbox 205 4382 392 4466; x_wconf 83' lang='lat' dir='ltr'>fungentem</span> <span class='ocrx_word' id='word_1_257' title='bbox 415 4383 523 4447; x_wconf 85' lang='lat' dir='ltr'>notavi</span> <span class='ocrx_word' id='word_1_258' title='bbox 542 4382 632 4448; x_wconf 88' lang='lat' dir='ltr'>Rom.</span> <span class='ocrx_word' id='word_1_259' title='bbox 649 4385 699 4466; x_wconf 78' lang='lat'>7‚2</span> <span class='ocrx_word' id='word_1_260' title='bbox 711 4384 748 4446; x_wconf 85' lang='grc'>,3</span> <span class='ocrx_word' id='word_1_261' title='bbox 770 4379 881 4449; x_wconf 78' lang='grc' dir='ltr'><em>ἐὰνδὲ</em></span> <span class='ocrx_word' id='word_1_262' title='bbox 897 4376 1058 4471; x_wconf 73' lang='grc' dir='ltr'><em>ἀποθάνῃ</em></span> <span class='ocrx_word' id='word_1_263' title='bbox 1075 4374 1093 4449; x_wconf 80' lang='grc' dir='ltr'>ὁ</span> <span class='ocrx_word' id='word_1_264' title='bbox 1109 4374 1202 4471; x_wconf 79' lang='grc' dir='ltr'><strong><em>ἀνήρ,</em></strong></span> <span class='ocrx_word' id='word_1_265' title='bbox 1220 4380 1380 4473; x_wconf 76' lang='grc' dir='ltr'><strong><em>κατήργη-</em></strong></span> 
     </span>
    </p>
   </div>
   <div class='ocr_carea' id='block_1_14' title="bbox 312 4576 625 4647">
    <p class='ocr_par' dir='ltr' id='par_1_15' title="bbox 312 4576 625 4647">
     <span class='ocr_line' id='line_1_36' title="bbox 312 4576 625 4647; baseline 0 -14"><span class='ocrx_word' id='word_1_266' title='bbox 312 4577 334 4642; x_wconf 84' lang='lat'>¹)</span> <span class='ocrx_word' id='word_1_267' title='bbox 352 4576 467 4645; x_wconf 71' lang='lat' dir='ltr'>Romen,</span> <span class='ocrx_word' id='word_1_268' title='bbox 485 4591 544 4647; x_wconf 69' lang='lat' dir='ltr'>pag.</span> <span class='ocrx_word' id='word_1_269' title='bbox 562 4578 625 4634; x_wconf 82' lang='grc'><strong>424.</strong></span> 
     </span>
    </p>
   </div>
   <div class='ocr_carea' id='block_1_15' title="bbox 0 0 1764 5175">
    <p class='ocr_par' dir='ltr' id='par_1_16' title="bbox 0 0 1764 5175">
     <span class='ocr_line' id='line_1_37' title="bbox 0 0 1764 5175; baseline 0 0"><span class='ocrx_word' id='word_1_270' title='bbox 0 0 1764 5175; x_wconf 95' lang='lat' dir='ltr'> </span> 
     </span>
    </p>
   </div>
  </div>
 </body>
</html>
