3517 5175
857 360 1078 423 .-84-

382 541 416 603 in
442 539 509 605 >De
534 539 650 605 Genesi
676 539 715 604 ad
738 540 795 603 litt.
821 541 890 621 1,5<‹
917 537 1015 603 verba
1040 538 1261 621 »principium
1289 538 1365 619 quia
1389 541 1420 601 et
1442 537 1557 620 loquor

382 648 491 713 vobis«
517 647 630 729 reddit,
652 653 689 711 ut
712 666 785 711 cum
808 650 900 710 textu
924 645 1076 729 Stephani
1101 650 1264 726 congruat,
1286 644 1321 706 in
1348 642 1415 707 »De
1435 643 1556 707 Genesi

383 754 422 819 ad
445 756 504 818 litt.
527 755 651 838 imperi.
675 754 765 835 libro,
788 774 855 837 cap.
880 756 920 816 3«
947 758 1054 817 autem
1079 752 1205 836 »quod
1236 755 1268 816 et
1299 751 1412 834 loquor
1441 750 1554 815 robis«

382 861 454 946 legi,
478 861 594 945 quibus
617 861 723 926 verbis
746 860 979 926 Tischendoriii
1007 864 1114 925 textus
1144 859 1305 943 probatur,
1335 858 1558 941 Hieronymus

387 969 474 1053 »qui
498 972 530 1033 et
552 989 598 1052 sq.
622 969 782 1034 exhibet«.

492 1093 599 1157 Trium
631 1094 896 1158 coniunctionum
932 1093 1064 1176 »quia«
1098 1092 1193 1174 longe
1216 1090 1475 1176 frequentissima
1498 1094 1558 1170 ost,

384 1202 486 1265 rarius
513 1201 741 1284 »quoniam«
768 1201 839 1284 legi,
863 1201 1022 1265 rarissime
1049 1201 1206 1283 »quod«.

912 1517 1032 1634 IX.

494 1772 666 1856 Postquam
691 1773 816 1855 copiose
840 1772 879 1837 de
903 1773 1073 1836 tenacitate
1097 1771 1267 1836 verborum
1291 1770 1390 1834 Italae
1411 1769 1561 1852 disserui,

384 1900 449 1944 nou
479 1880 632 1945 reticendi
663 1879 756 1942 multi
786 1879 864 1942 mihi
895 1879 1044 1943 videntur
1067 1898 1136 1943 esse
1160 1878 1231 1960 ioci,
1255 1877 1371 1961 quibus
1394 1877 1561 1959 Hierony-

384 2007 456 2051 mus
479 1989 592 2051 maiori
614 1988 776 2051 tenacitati
800 1987 960 2051 studuisse
985 1985 1117 2052 videtur.

496 2111 596 2176 Cuius
618 2113 663 2177 rei
688 2112 835 2195 exempla
858 2116 915 2175 aut
936 2112 1065 2176 levioris
1089 2112 1243 2175 momenti
1267 2115 1348 2192 suut,
1372 2114 1408 2173 ut
1434 2109 1473 2174 de
1492 2129 1560 2174 uno

385 2220 435 2284 vel
459 2221 570 2304 paucis
593 2219 698 2284 verbis
722 2224 842 2301 agatur,
872 2225 927 2282 aut
949 2220 1078 2282 maioris
1102 2219 1263 2299 momenti,
1288 2237 1360 2282 curn
1382 2217 1462 2280 Itala
1484 2237 1561 2281 sen-

385 2328 499 2391 tentias
529 2326 687 2408 exhibeat,
717 2346 799 2409 quae
830 2331 861 2391 ct
892 2325 1047 2409 Vulgatae
1079 2330 1111 2390 et
1141 2326 1242 2390 textui
1275 2325 1406 2406 Graeco,
1430 2324 1561 2407 qualem

386 2453 473 2498 nuno
503 2434 665 2515 habemus
696 2434 818 2498 desunt.
864 2433 899 2498 Si
927 2453 1039 2498 causas
1063 2431 1221 2497 eiusmodi
1245 2432 1436 2496 diversitatis
1458 2432 1562 2496 inter-

386 2543 597 2627 pretationum
614 2542 815 2625 requirimus
840 2545 895 2605 aut
910 2540 1083 2605 scribarum
1100 2539 1304 2623 indiligentia
1319 2543 1374 2603 aut
1392 2545 1561 2604 auctorum

386 2650 512 2715 levitate
545 2650 617 2715 fiori
652 2650 763 2733 potuit,
794 2653 830 2711 ut
861 2648 1050 2713 vocabulum
1083 2648 1243 2731 quoddam
1275 2648 1474 2712 omitteretur
1507 2648 1561 2712 vel

385 2757 493 2820 minus
512 2757 680 2839 diligenter
698 2761 947 2837 converteretur,
966 2761 1021 2819 aut
1039 2759 1186 2819 auctores
1204 2754 1302 2818 italae
1325 2757 1416 2819 textu
1436 2754 1561 2818 Graeco

386 2865 435 2926 usi
467 2869 550 2946 suut,
582 2866 637 2947 qui
669 2864 754 2928 haud
789 2884 859 2927 raro
890 2863 929 2926 ab
961 2883 998 2927 oo
1031 2863 1197 2946 discrepat,
1228 2863 1284 2945 qui
1314 2862 1430 2925 nostris
1454 2866 1562 2926 exstat

386 2971 589 3054 temporibus
613 2978 645 3036 et
668 2972 722 3056 qui
746 2970 879 3034 fortasse
903 2970 1067 3034 nonnullis
1090 2970 1169 3034 locis
1192 2972 1360 3053 corruptus
1384 2970 1490 3049 aratu.

496 3095 568 3160 Jam
590 3097 698 3161 omnia
717 3095 874 3179 exempla
898 3114 979 3178 quae
1000 3098 1176 3159 memoratu
1195 3094 1291 3176 digna
1309 3094 1461 3159 videntur
1480 3113 1561 3176 esse,

388 3222 592 3287 componam:

516 3388 559 3438 a,
585 3359 848 3447 txompr·
873 3358 1120 3431 torrionis
1145 3359 1428 3430 momenti.

771 3502 821 3572 fl.
846 3501 1176 3575 Substantiam.

889 3626 1051 3697 Vulgata.
1324 3627 1424 3683 Itala

490 3717 586 3787 Ephes
606 3721 657 3785 5,9.

387 3806 419 3860 ἐν
437 3806 511 3881 πάσῃ
530 3803 698 3879 ἀγαθωσύνῃ
714 3813 760 3861 καὶ
786 3807 813 3859 in
842 3807 913 3860 omni
941 3806 1103 3861 bonitate
1132 3809 1159 3860 et
1186 3807 1212 3859 in
1232 3806 1304 3860 omni
1322 3806 1423 3859 iustitia
1442 3808 1469 3859 et
1488 3805 1560 3859 veri-

387 3892 546 3968 δικαιοσύνῃ
565 3899 611 3949 καὶ
635 3893 758 3966 ἀληθείᾳ.
786 3895 888 3949 iustitia
906 3897 933 3949 ei
951 3894 1072 3950 raritate.
1186 3897 1249 3950 tate

476 3986 501 4039 2.
521 3983 580 4040 Cor.
600 3986 670 4051 7‚11.

387 4070 583 4143 ἀγανάκτησιν.
787 4074 1078 4144 indignationem.
1187 4072 1360 4128 reiectionem
1399 4070 1562 4141 (ἀνάκτησιν

1186 4163 1213 4216 in
1233 4164 1288 4217 cod.
1304 4162 1463 4232 quibusdum
1477 4163 1561 4216 Grae·

1186 4253 1224 4307 cis
1239 4252 1373 4307 exstitisse
1388 4254 1415 4306 et
1433 4252 1561 4306 Worfflin

1186 4343 1204 4397 l.
1224 4358 1245 4397 c.
1264 4358 1322 4412 pag.
1343 4343 1377 4397 19
1391 4342 1459 4395 bene
1473 4342 1560 4411 suspi-

1187 4435 1297 4487 caturet
1306 4430 1362 4485 ood.
1371 4432 1416 4482 Σ*
1428 4431 1559 4500 testatur).

387 4544 600 4555 ——--—

496 4593 516 4663 ¹)
534 4591 668 4658 Wolfrlin,
686 4592 763 4647 Neue
781 4592 964 4647 Bruchstr'iclro
982 4610 1021 4663 sq.
1042 4610 1098 4664 pag.
1120 4594 1161 4648 19.
