3517 5175
678 395 902 463 -65..

206 577 263 646 τὸν
284 574 377 656 θεόν,
401 579 608 664 diligentibus
628 578 742 662 Deum,
758 584 791 644 et
808 578 918 644 Matth.
938 579 1144 662 5,23.23,24‚
1175 575 1271 643 Marc.
1294 575 1376 662 uls.

206 687 282 753 huc.
314 689 522 770 3,11.11,13.
568 687 683 772 Ephes.
715 688 800 768 4,28.
848 689 876 752 1.
907 687 986 751 Tim
1019 687 1101 768 530,
1134 686 1218 751 sieut
1248 705 1306 769 pre
1338 683 1376 748 τὸ

204 791 325 876 μέλλον
348 798 381 859 et
401 789 443 858 τὰ
461 791 624 876 μέλλοντα
643 814 770 878 semper
794 794 976 858 ›turturum‹
995 799 1027 859 et
1047 794 1192 858 νίσσεται
1214 794 1377 860 exhibent

316 917 435 983 Matlh..
451 921 524 1002 5,42
548 918 628 983 Itala
648 918 777 1003 Speculi
798 939 909 984 casum
930 919 1112 984 accuratius
1127 938 1223 1002 quem
1239 919 1379 1002 Vulgata

205 1027 354 1092 retinuit:
384 1026 441 1091 τὸν
470 1024 648 1092 θέλοντα.
674 1075 683 1092 .
709 1071 717 1088 .
744 1072 752 1088 .
778 1022 985 1091 δανίσασθαι
1007 1022 1053 1115 μὴ
1081 1017 1315 1115 ἀποστραφῇς,
1340 1024 1378 1089 It

206 1134 418 1199 volentem
442 1134 582 1197 mutuari
606 1184 613 1197 .
636 1184 643 1198 .
668 1183 675 1197 .
700 1184 707 1197 .
730 1104 773 1199 n⁸e
796 1134 959 1216 avertaris,
981 1133 1076 1217 Vulg.
1099 1134 1221 1200 volenti
1245 1136 1303 1200 etc.

318 1257 442 1336 Quibus
458 1259 614 1343 exemphs
630 1279 684 1324 eos
699 1260 787 1324 locos
802 1258 1004 1342 subiecerim,
1027 1258 1144 1342 quibus
1159 1259 1239 1323 Itala
1258 1260 1379 1325 maiore

207 1367 377 1431 tenacitate
400 1367 605 1451 participium
628 1385 760 1431 servans
782 1369 907 1431 textum
929 1365 1087 1431 Graecum
1112 1365 1290 1449 adaequare
1313 1369 1380 1430 stu-

207 1473 287 1555 duit,
310 1472 529 1556 Hieronymus
552 1473 711 1539 sententic
733 1473 867 1539 relativa
892 1493 968 1538 usus
991 1479 1054 1538 est:

320 1597 431 1662 Matth.
457 1599 507 1679 7,8
531 1587 549 1661 ὃ
575 1592 684 1671 αἰτῶν,
709 1598 746 1663 It
770 1618 990 1682 quaerens,
1014 1597 1107 1682 Vulg.
1131 1600 1186 1681 qui
1208 1600 1296 1684 petit,

319 1722 387 1786 Gal.
411 1724 482 1805 3,ss
509 1715 527 1787 ὁ
550 1717 690 1808 γεγονὼς
713 1717 822 1807 νόμος,
845 1722 882 1787 It.
903 1723 988 1789 facta
1007 1724 1070 1806 len,
1086 1722 1179 1807 Vulg.
1200 1725 1382 1807 quaefacta

207 1834 255 1895 est
277 1829 341 1912 lex,
364 1824 481 1912 quibus
504 1829 584 1894 loeis
615 1829 736 1896 similes
766 1835 842 1894 suut
870 1830 982 1895 Matlh.
1012 1833 1153 1916 5‚4.v,8.
1199 1831 1267 1897 Gul.
1296 1834 1380 1915 4‚21.

209 1940 237 2002 1.
260 1937 368 2002 Thess.
392 1938 619 2021 4,14.15.1v.
664 1936 762 2002 Hebr.
787 1940 847 2021 7,6.

318 2062 541 2127 Infinitivi
562 2063 696 2129 articulo
714 2063 866 2147 adiuncti,
888 2083 951 2147 quo
969 2063 1083 2129 Graeci
1098 2084 1155 2149 pro
1171 2064 1382 2149 appellatione

206 2169 387 2253 utebantur,
410 2170 498 2234 varia
521 2171 631 2235 notavi
654 2170 810 2255 exempla.

319 2294 508 2359 Infinitivus
531 2295 714 2361 subiecti
736 2297 868 2361 locum
892 2295 1014 2362 obtinet
1036 2296 1126 2361 Rom.
1157 2298 1250 2379 14,21
1281 2295 1382 2363 καλὸν

207 2398 246 2466 τὸ
277 2397 325 2489 μὴ
357 2405 477 2490 φαγεῖν
501 2449 508 2464 .
535 2449 578 2465 ..
611 2402 697 2490 μηδὲ
729 2406 829 2478 πιεῖν,
863 2404 986 2468 bonum
1019 2408 1158 2470 estnon
1186 2403 1382 2471 manducare
1461 2482 1464 2490 ¹

208 2559 215 2574 .
239 2560 247 2575 .
272 2559 279 2573 .
303 2559 310 2574 .
333 2529 440 2594 neque
463 2509 580 2593 bibere,
603 2515 767 2595 praeterea
792 2513 820 2575 1.
844 2510 915 2576 Gor.
940 2512 1022 2595 7,26.
1068 2513 1097 2576 2.
1121 2510 1190 2576 Cor.
1219 2513 1381 2596 v,11.9,1.

207 2618 346 2703 Philipp.
373 2619 597 2701 1,21.22.24.
643 2618 739 2684 Hebr.
766 2620 858 2703 10,31
881 2619 1015 2685 articulo
1037 2620 1076 2684 ab
1096 2619 1176 2684 Itala
1197 2625 1229 2685 et
1243 2619 1383 2704 Vulgata

208 2725 364 2808 neglecte.

323 2867 574 2933 Genetivum
597 2869 816 2933 infinitivi
846 2870 887 2934 ad
910 2869 1145 2935 substantivum
1168 2870 1381 2956 pertinentem

209 2975 260 3039 bis
291 2976 433 3059 repperi:
467 2978 496 3038 2.
530 2974 599 3040 Gor.
632 2977 704 3059 8,ss
741 2969 759 3064 ἢ
793 2971 971 3063 προθυμία
1002 2978 1062 3041 τοῦ
1096 2976 1219 3053 θέλειν,
1256 2978 1382 3042 animus

207 3082 390 3164 voluntatis,
422 3084 450 3146 1.
480 3083 547 3148 Pet
578 3084 650 3166 4,1v
684 3074 702 3146 ὁ
732 3080 849 3171 καιρὸς
877 3086 937 3148 τοῦ
966 3075 1144 3171 ἄρξασθαι,
1176 3089 1303 3168 tempus
1326 3091 1382 3167 est,

211 3194 248 3253 ut
270 3190 412 3274 incipiat

321 3332 600 3397 Accusativus
623 3333 839 3397 infinitivi
862 3334 913 3397 his
936 3337 1041 3398 exstat
1062 3332 1157 3398 locis:

321 3458 351 3521 2.
375 3456 445 3521 Cor.
469 3457 543 3540 8,10
566 3455 604 3520 τὸ
633 3460 775 3544 ποιῆσαι
798 3505 807 3520 .
834 3505 841 3520 .
868 3507 876 3522 .
907 3455 945 3522 τὸ
974 3456 1088 3525 θέλειν
1115 3456 1381 3546 προενήρξασθε,

209 3566 316 3629 faeere
340 3613 347 3627 .
371 3614 377 3627 .
403 3614 410 3628 .
433 3613 440 3627 .
464 3562 546 3629 velle
570 3565 728 3649 coepistis,

318 3688 456 3772 Philipp.
492 3689 564 3770 2,13
600 3679 618 3749 f>
654 3684 793 3775 ἐνεργῶν
824 3735 832 3752 .
866 3737 874 3752 .
901 3737 909 3753 .
946 3688 1002 3755 καὶ
1034 3685 1073 3752 τὸ
1108 3685 1223 3754 θέλειν
1256 3685 1312 3752 καί
1345 3685 1382 3753 τὸ

210 3788 361 3882 ἐνεργεῖν,
387 3802 566 3879 operatur.
590 3845 597 3859 .
621 3845 628 3859 .
653 3844 659 3859 .
683 3799 716 3860 et
738 3797 820 3862 velle
844 3800 876 3863 et
897 3797 1070 3880 perficere,

321 3918 458 4004 Philipp.
492 3921 542 4001 2,6
575 3938 632 4003 pro
665 3912 725 4001 οὐχ
756 3911 935 4007 ἁρπαγμὸν
968 3913 1111 4007 ἡγήσατο
1143 3917 1183 3984 τὸ
1212 3911 1297 3986 εἶναι
1326 3914 1383 3985 ίσα

211 4027 285 4112 θεέ
309 4027 386 4092 Ace.
411 4048 437 4093 c.
461 4025 556 4091 Infin.
583 4027 768 4109 »aequalem
792 4047 826 4093 se
850 4047 920 4094 esse
943 4027 1031 4093 Dec«
1058 4027 1151 4092 uobis
1174 4029 1320 4109 occurrit,

322 4149 528 4235 Rom.14,13
552 4152 743 4216 sententiam
766 4152 896 4218 finalem
921 4153 1121 4218 invenimus:
1150 4147 1281 4240 κρίνατε
1305 4199 1313 4215 .
1339 4198 1349 4218 .
1374 4203 1381 4218 .

211 4254 248 4323 τὸ
270 4252 316 4344 μὴ
340 4256 482 4334 τιθέναι,
506 4259 645 4324 iudicate
669 4309 676 4322 .
701 4308 708 4322 .
732 4308 739 4323 .
762 4278 804 4325 ne
826 4260 961 4344 penalis.

323 4399 570 4467 Sententiae
602 4401 753 4466 finalis
785 4422 855 4486 pro
891 4404 1135 4468 accusativo
1170 4402 1385 4466 infinitivi

213 4525 288 4570 cunr
310 4509 544 4590 praepositione
567 4503 613 4587 είς
637 4510 810 4574 coniuncto
828 4508 972 4575 redditae
991 4511 1071 4574 haec
1089 4513 1253 4593 praeterea
1271 4508 1383 4591 collegi

213 4614 361 4698 exempla
372 4636 379 4676 :

1224 4722 1241 4775 5
