3517 5175
701 363 922 427 ...61-

335 543 459 607 Horum
506 562 633 625 quoque
678 517 906 607 vocabulorum
959 543 1207 626 compositorum
1259 543 1397 627 plurima

223 651 352 734 linguae
374 649 633 734 Franoogallicae
657 650 772 714 tradita
794 655 875 714 sunt

336 776 460 842 Deinde
476 797 530 841 eos
544 776 632 840 locos
648 795 887 859 componamus
903 775 1018 858 quibus
1037 775 1117 839 Itala
1132 775 1288 840 voeabula
1305 797 1396 861 pere-

222 886 316 969 grina
338 885 478 967 retinuit,
502 883 641 966 Vulgata
664 882 776 947 Latine
799 883 972 966 expressit:

757 987 859 1043 Itala
1131 988 1289 1058 Vulgata.

337 1078 393 1134 Gal.
413 1080 482 1147 530.

223 1171 348 1242 αἱρέσεις.
623 1167 803 1222 haereses.
1024 1169 1120 1223 sectae.

307 1260 329 1312 1.
348 1258 408 1315 oar.
430 1258 515 1325 15ριΙ

222 1347 255 1400 ἐν
273 1342 375 1418 ἀτόμῳ.
623 1347 651 1399 in
670 1349 792 1401 atomo.
1023 1348 1052 1400 in
1070 1352 1212 1403 momento.

349 1437 404 1493 Col.
423 1440 475 1497 3.5.

222 1527 443 1599 εἰδωλολατρείιι.
624 1525 797 1579 idolorum
817 1525 941 1579 servitus.
1023 1526 1226 1582 simulacrorum
1272 1528 1396 1596 servies,

1024 1617 1081 1673 Gal.
1106 1618 1168 1685 5,20
1191 1617 1319 1672 idolorum
1338 1634 1396 1671 eer-

1023 1706 1102 1761 ritus.

334 1795 483 1863 Joh.s‚14.

222 1885 254 1937 ἐν
273 1887 303 1956 τῇ
322 1882 423 1955 levietu-
624 1884 651 1935 in
670 1883 817 1938 heremo.
1023 1885 1051 1938 in
1070 1886 1184 1940 deserto.

308 1973 508 2037 mattulam.

222 2058 396 2133 εὐνούχισαν.
624 2062 964 2116 eunuchizaverunt.
1023 2067 1215 2120 castrarenmt.

313 2153 337 2206 2.
357 2152 417 2209 cor.
438 2154 505 2219 113.

222 2242 292 2304 ζηλῶ
327 2240 382 2313 γὰρ
421 2236 493 2311 ὑμᾶς
528 2244 596 2295 θεοῦ
624 2241 700 2294 zelo
736 2241 779 2294 dei
817 2257 863 2294 vos
904 2239 995 2308 zela,
1024 2243 1144 2297 aemulor
1171 2244 1241 2298 enim
1270 2259 1317 2298 vos
1345 2243 1395 2297 Dei

222 2327 299 2398 ζήλῳ.
623 2329 726 2398 (eontra
751 2330 835 2384 noim.
863 2347 885 2383 e.
912 2333 943 2398 73
968 2330 995 2382 in
1024 2332 1208 2387 aemulatione.

623 2419 717 2486 fragm.
728 2419 761 2473 lt.
772 2419 863 2473 eadem
872 2419 997 2488 leguntur

623 2507 713 2574 verba,
732 2525 800 2578 quae
819 2508 996 2580 invulgata).

316 2599 409 2653 Matth.
429 2601 498 2666 532.

221 2689 362 2758 μοιχᾶται.
624 2687 675 2740 erit
693 2688 863 2742 moechus.
1025 2690 1163 2745 adulterat.

322 2778 347 2831 2.
366 2777 425 2833 Cor.
445 2780 496 2840 4,8.

221 2864 428 2938 ἐξαπορεῖσθιιι.
624 2866 839 2936 exaperiari.
1023 2869 1139 2923 destitui.

325 2956 422 3026 Ephes.
444 2960 493 3024 la.

222 3043 254 3098 τὸ
271 3040 434 3114 μυστήριον.
624 3046 843 3113 mysterium.
1023 3050 1228 3102 sacramentum.

323 3139 346 3189 l.
365 3135 424 3192 (lor.
444 3137 496 3199 al.

222 3223 253 3279 τὸ
266 3223 422 3296 μαρτύριον
435 3223 476 3295 (τὸ
489 3224 595 3295 nveni-
623 3226 840 3293 mysterium.
1023 3226 1212 3280 testimonium.

223 3330 286 3383 ριον
314 3323 370 3367 tres
397 3314 500 3368 codices
527 3313 595 3367 anti-

223 3401 287 3472 qui).

334 3493 483 3576 Denique
518 3514 558 3559 ne
594 3515 648 3558 eos
682 3495 769 3559 looos
804 3496 995 3577 omittamus
1028 3496 1145 3577 quibus
1177 3496 1396 3579 Hieronymus

224 3620 341 3665 nomen
367 3602 525 3666 Graecum
549 3603 695 3684 servarit,
718 3602 799 3665 Itala
822 3603 931 3666 vertit:

760 3704 859 3761 Itala
1125 3706 1287 3776 Vulgata.

306 3797 364 3849 Act.
384 3811 425 3864 ap.
445 3796 513 3861 1:25.

223 3882 386 3950 ἀποσιοιῑῆς.
622 3884 836 3940 annuntiationis,
1023 3884 1259 3954 apostolatus.

314 3972 416 4029 acor.
438 3973 505 4039 103.

222 4061 293 4132 μηδὲ
327 4060 521 4134 εἰδωλολάτραι
551 4065 596 4132 yt·
622 4079 708 4131 neque
722 4062 791 4117 idola
802 4062 926 4117 colamus.
951 4065 994 4134 (rt.
1021 4080 1109 4133 neque
1123 4063 1340 4120 idololatrae
1354 4066 1395 4119 ef·

223 4154 315 4202 νεσθε.
623 4150 650 4203 in
677 4152 848 4206 Loeutionum
877 4152 923 4208 lib.
951 4154 994 4207 H:
1022 4153 1159 4207 ficiamini.

622 4257 709 4309 neque
737 4241 814 4295 idolis
838 4242 994 4309 serviamus

622 4330 692 4383 sieut
708 4330 802 4399 fragm.
821 4331 855 4385 It.
875 4339 904 4384 et
916 4332 994 4400 Vulg.
1017 4345 1019 4350 ·

624 4421 647 4473 l.
667 4419 726 4475 Cor.
746 4420 788 4486 6,4
811 4436 859 4488 pro
883 4421 994 4475 εἰδωλο-

623 4505 720 4577 λάτραι
732 4507 823 4562 ›idolie
829 4508 992 4563 servientes«

623 4597 753 4666 reddunt).
