3517 5175
853 390 1074 455 ,92-

884 565 1042 636 Vulgata.
1314 565 1415 621 Itala.

491 656 548 712 sal.
567 657 636 724 331.

379 743 471 808 ὅντως.
778 762 865 800 vere.
1177 744 1293 800 omniuo.

467 839 492 891 2.
511 836 571 893 Cor.
593 836 660 893 l.l5.

380 921 524 999 πρότερον.
588 961 593 968 -
778 923 885 993 prius.
1178 924 1301 993 plinium.

774 1136 823 1207 D.
847 1136 1150 1208 Praenominu-

884 1314 1043 1386 Vulgata
1313 1315 1415 1372 Itala.

466 1406 560 1461 Maus.
581 1408 666 1474 10‚16.

376 1494 447 1552 ’1δού
465 1498 520 1569 ἐγώ
534 1495 703 1552 ἀποστέλλω.
778 1496 847 1550 Eece
866 1513 928 1566 ege
946 1495 1030 1549 mitte.
1179 1495 1248 1550 Eece
1266 1496 1351 1551 mitte.

489 1586 548 1641 Joh.
568 1588 637 1652 5‚17.

380 1675 456 1747 κάγώ
474 1671 631 1746 ἐργάζομαι.
779 1679 807 1731 et
825 1692 886 1745 ego
905 1690 1006 1744 operer.
1180 1678 1207 1728 et
1227 1691 1270 1729 me
1289 1676 1392 1744 spumet
1409 1673 1522 1743 opemii.

465 1763 577 1833 Philipp.
599 1765 666 1831 1522.
1177 1760 1180 1768 '

380 1847 460 1906 τοῦτό
476 1871 526 1923 μοι
543 1845 658 1922 καρπός.
779 1854 822 1908 hie
841 1852 925 1907 mibi
943 1854 1047 1907 fruetus
1065 1856 1113 1907 est
1179 1854 1223 1909 hie
1240 1855 1344 1908 fructus
1363 1855 1411 1907 est.

500 1939 555 1996 Gal.
575 1941 626 2008 aa.

379 2024 644 2100 ἓνευλογηθήσοντττι
655 2030 686 2084 tr
698 2036 750 2087 aul.
779 2031 971 2086 benedicentur
989 2030 1018 2085 in
1036 2033 1076 2085 te,
1180 2033 1208 2085 in
1221 2031 1324 2087 semine
1338 2034 1383 2086 tuo
1394 2030 1557 2085 benedieen-

1179 2124 1232 2177 tur.

482 2208 545 2263 Lue.
568 2210 652 2277 isle.

381 2291 458 2351 εἶπεν
476 2297 506 2350 δὲ
521 2297 603 2368 αὐτῷ.
780 2299 848 2354 dixit
866 2301 954 2354 autem
973 2298 1040 2352 iili.
1181 2299 1249 2354 dixit
1266 2304 1363 2353 autem.

475 2386 571 2456 Ephes.
590 2389 659 2452 539.

384 2476 431 2527 nat
448 2472 549 2530 θάλπει
567 2475 662 2545 αὑτήν.
781 2481 809 2533 et
825 2479 901 2533 fovet
918 2494 998 2532 eam.
1182 2482 1209 2533 et
1226 2479 1308 2533 iuvet.

475 2566 498 2621 1.
517 2564 576 2623 (ior.
595 2568 664 2633 9,11.

385 2657 409 2708 εἰ
425 2650 503 2726 ἡμεῖς
521 2655 696 2729 ἐσπείραμεν.
781 2659 805 2712 si
823 2673 885 2712 nos
902 2656 1100 2711 seminavimus.
1183 2655 1422 2712 siaeminavimus.

476 2746 500 2799 1.
518 2744 577 2801 Cer.
598 2747 666 2812 1‚18.

382 2837 439 2895 τοῖς
456 2833 486 2886 δὲ
505 2835 667 2903 σωζομένοις
688 2832 756 2905 ἡμῖν
782 2836 814 2889 iis
824 2838 922 2903 autem,
937 2835 982 2905 qui
995 2835 1063 2889 salvi
1075 2835 1153 2900 fiunt,
1182 2835 1332 2901 bisantem,
1344 2832 1558 2905 quisalvifiunt

383 2917 461 2993 (ἡμῖν
491 2923 567 2977 deest
595 2923 623 2975 in
652 2925 754 2979 duobus
781 2922 814 2976 id
834 2924 1015 2978 estnebis.

383 3010 515 3066 codicibus
533 3012 632 3066 saeculi
650 3013 709 3081 IX).

482 3100 545 3155 Luc.
566 3101 651 3168 1335.

383 3187 442 3260 ἐρεῖ
458 3184 532 3260 ὑμῖν.
781 3189 852 3244 dicet
870 3190 978 3245 vebis.
1183 3192 1260 3247 dicet.

485 3280 508 3332 1.
526 3280 585 3334 Job.
605 3281 657 3343 2,1.

383 3365 485 3439 ypatus
505 3363 578 3438 ὑμῖν.
782 3368 869 3423 scribo
888 3368 970 3423 vebis
1182 3370 1275 3424 scribo.

485 3457 548 3512 Lue.
570 3459 655 3525 13:27.

385 3543 435 3600 οὐκ
454 3542 518 3601 οἶδα
536 3544 615 3619 ὑμᾶς.
782 3549 872 3601 neseio
890 3563 959 3602 ves.
1183 3550 1280 3604 neseio.

477 3635 552 3691 Rom.
574 3637 659 3705 lala.

385 3721 449 3785 τοὺς
466 3718 617 3786 διώκοντας
635 3722 713 3798 ὑμᾶς.
783 3724 1004 3796 persequentibus
1021 3742 1089 3780 ves.
1184 3727 1413 3798 pemequentibus.

485 3814 507 3868 l.
527 3813 587 3870 Cor.
606 3817 657 3883 uu.

385 3895 491 3970 ἥττημα
509 3889 577 3973 ὗμῖν
595 3903 675 3957 ἔστιν.
783 3903 909 3959 delictum
934 3907 976 3958 est
994 3904 1027 3956 in
1047 3903 1155 3959 vebis.
1184 3905 1309 3960 delictum
1329 3907 1377 3959 est

475 3991 499 4046 2.
519 3991 578 4049 (ior.
597 3993 667 4059 ale.

386 4078 431 4132 διὰ
450 4080 500 4147 τὴν
522 4116 555 4135 ..
578 4118 586 4132 .
606 4077 691 4154 χάριν
708 4087 758 4138 τοῦ
785 4084 892 4152 propter
907 4123 913 4136 .
929 4122 934 4134 .
950 4122 956 4134 .
975 4082 1086 4151 gmtiam
1105 4081 1155 4137 Dei
1184 4085 1292 4154 propter
1310 4123 1316 4137 .
1337 4123 1343 4136 .
1362 4082 1473 4153 grabam
1493 4082 1545 4137 dei.

386 4169 454 4223 θεοῦ
473 4168 515 4239 ἐφ’
536 4165 610 4241 ὑμῖν.
785 4171 819 4224 in
838 4170 947 4226 vobis,

469 4259 492 4313 1.
511 4259 570 4316 cor.
591 4261 676 4329 11‚18.

387 4345 419 4399 tr
435 4342 504 4418 ὑμῖν
520 4344 662 4420 ὑπάρχειν.
786 4365 844 4405 esse
862 4349 1045 4406 intervos.
1185 4366 1252 4406 esse.

485 4439 508 4493 l.
527 4437 585 4495 cor.
605 4440 656 4507 63.

389 4529 413 4580 et
439 4525 470 4579 tr
501 4523 568 4599 ὑμῖν
594 4531 714 4601 κρίνεται
743 4527 758 4584 ὁ
786 4528 807 4583 si
831 4528 859 4582 in
877 4529 978 4583 vobis
1001 4528 1159 4584 iudicabitur
1184 4530 1213 4583 in
1231 4529 1307 4585 nubis
1329 4529 1461 4585 iudicatum
1479 4546 1557 4584 mun-

388 4613 499 4686 κόσμος.
786 4617 909 4674 mundus.
1185 4619 1242 4674 dus.
