3517 5175
1122 544 1279 614 vulgale.

340 631 396 691 Gal.
411 635 463 703 2,5.

215 719 361 794 vidivideo
380 763 387 779 .
407 762 414 777 .
434 762 463 780 ..
479 724 588 794 διαμεί-
615 724 714 779 rerites
738 768 744 780 .
772 768 777 778 .
805 767 811 780 .
834 726 989 794 permaneat
1017 767 1130 779 .....
1149 724 1218 794 apud
1237 740 1292 780 ros.

216 832 250 887 νῃ
269 811 338 886 πρὸς
355 810 436 884 ὑμᾶς.
615 813 654 869 ud
673 829 741 869 vos,

393 1007 457 1100 1.,
482 1008 546 1081 lle
570 1010 837 1082 nominibus
862 1009 1207 1081 numeralibus.

328 1154 505 1220 Nominum
528 1155 742 1222 numeralium
765 1156 805 1220 ab
828 1156 910 1220 Itala
939 1155 1124 1238 diligentius
1148 1175 1242 1238 quam
1268 1177 1287 1220 a
1310 1157 1390 1220 Vul-

217 1268 291 1348 gata
313 1262 538 1328 translmorum
561 1283 665 1348 panna
687 1267 896 1330 occurrerunt
918 1263 1081 1348 exempla:

330 1390 358 1452 1.
382 1387 451 1453 Gor.
482 1389 576 1472 15‚46
608 1379 721 1454 ἀλλὀὐ
756 1389 891 1474 πρῶτον
923 1385 962 1453 τὸ
997 1385 1226 1470 πνευματικόν,
1262 1388 1300 1452 It
1334 1390 1391 1455 sed

216 1515 282 1561 non
305 1497 477 1581 primum
503 1494 587 1578 quod
611 1494 752 1580 spiritale
775 1501 831 1579 est,
853 1495 950 1580 Vulg.
973 1495 1118 1561 sednon
1141 1496 1229 1579 prius
1253 1501 1329 1576 ete.;

330 1604 359 1667 2.
391 1602 461 1667 Cor.
493 1604 588 1686 1134
618 1601 698 1666 Itala
728 1601 857 1687 Speculi
884 1622 941 1687 pro
965 1602 1071 1667 verbis
1095 1596 1250 1678 πεντάκις
1271 1625 1389 1669 τεσσα-

216 1706 361 1794 ράκοπα
383 1730 518 1775 numero
542 1710 697 1775 cardinali
721 1713 844 1775 serrato
871 1710 1063 1792 »quinquies
1093 1708 1386 1793 quadraginta«

216 1816 365 1895 reddidit,
403 1817 620 1901 Hieronymus
659 1818 853 1901 elegantiore
896 1836 1042 1882 sermone
1080 1836 1157 1880 usus
1199 1818 1391 1900 »quinquies

217 1923 456 2008 quadragenam
482 1925 624 2009 scripsit3

329 2033 359 2095 2.
391 2031 498 2096 Thess.
536 2033 585 2113 1‚3
619 2026 692 2110 ἑνὸς
724 2024 867 2096 ἑκάστου
899 2025 1031 2096 πάντων
1061 2027 1161 2114 ὑμῶν,
1192 2031 1230 2095 it.
1262 2031 1391 2117 Speculi

217 2139 348 2204 nonnus
370 2138 528 2203 numerali
551 2139 723 2204 indefinito
746 2143 886 2203 retento:
913 2139 1188 2221 »uniuscuiusque
1212 2140 1390 2203 omnium

218 2249 390 2328 vestrum«,
434 2246 530 2330 Vulg.
569 2247 685 2311 omisso
724 2246 856 2310 nomine
895 2245 1068 2311 numerali:
1119 2247 1390 2329 »uniuscuiusque

219 2357 390 2417 restrum«.

502 2544 567 2637 ΙΙ.,
591 2544 655 2618 lle
679 2545 1109 2619 coniunctionibua.

329 2692 369 2756 In
408 2692 689 2758 coniunctionibus
727 2692 898 2758 reddendis
936 2713 1127 2776 quamquam
1170 2694 1390 2777 interpretatio

218 2804 309 2864 vetus
344 2803 376 2865 et
410 2820 524 2865 reeens
558 2800 747 2885 plerumque
782 2802 997 2883 consentiunt,
1030 2800 1239 2865 nihilominus
1274 2801 1391 2865 multos

219 2906 304 2971 looos
326 2907 447 2988 inveni,
471 2907 587 2989 quibus
611 2907 779 2973 verborum
809 2909 963 2972 tenacitas
985 2908 1084 2972 Italae
1113 2907 1217 2973 denuo
1248 2928 1392 2993 compro

219 3012 319 3095 batur,
343 3033 423 3096 quos
446 3034 559 3079 omnes
580 3015 645 3078 iam
668 3014 702 3077 in
727 3015 868 3079 medium
893 3015 1060 3099 proteram.

330 3139 381 3203 Ae
411 3139 550 3223 primum
577 3140 705 3222 quidem
738 3140 924 3204 coniunctio
956 3139 1135 3224 copulativa
1157 3136 1228 3204 καί
1249 3139 1289 3203 ab
1313 3140 1392 3204 Itela

220 3246 337 3329 optime
368 3246 524 3330 particula
558 3250 628 3312 »em
663 3245 823 3321 translata,
855 3267 875 3310 a
905 3246 1044 3329 Vulgata
1071 3246 1166 3331 plane
1197 3248 1315 3311 omissa
1342 3248 1392 3311 his

220 3352 313 3417 nobis
337 3354 475 3417 occurrit
497 3353 591 3418 loeis:

331 3477 404 3542 Joh.
439 3479 532 3559 1725
567 3475 677 3565 πατὴρ
711 3475 828 3551 δίκαιε,
864 3476 921 3543 καὶ
953 3470 970 3541 ὃ
1001 3473 1124 3561 κόσμος
1153 3499 1191 3543 σε
1215 3469 1275 3541 οὐκ
1298 3475 1390 3564 ἔγνω,

219 3583 257 3648 la
279 3590 371 3668 pater
393 3585 484 3667 iuste,
515 3590 554 3650 et
574 3584 715 3649 mundus
738 3589 769 3650 te
792 3604 857 3649 non
882 3587 1040 3668 cognovit,
1072 3584 1164 3668 Vulg.
1188 3591 1278 3670 pater
1299 3586 1391 3667 iuste,

219 3691 358 3755 mundus
393 3696 467 3772 ete.;
502 3697 667 3776 praeterea
700 3692 809 3757 Matth.
846 3693 1080 3774 10,30.18,1r.
1125 3693 1196 3757 Aet
1226 3713 1274 3777 ap.
1309 3694 1390 3775 1,15.

220 3796 310 3862 Rom.
345 3799 428 3880 8,24.
487 3800 514 3863 1.
549 3798 618 3863 Cor.
653 3801 844 3882 4,7.15,41,
881 3801 933 3881 45,
967 3800 1019 3863 49.
1075 3801 1105 3863 2.
1140 3798 1210 3863 Cor.
1246 3801 1391 3881 5,3.6,1.

219 3903 334 3989 Ephes
359 3906 441 3987 5‚11.
480 3905 618 3991 Philipp.
643 3907 726 3988 ale.
764 3908 793 3970 2.
816 3905 923 3971 Thess.
947 3907 1030 3989 2,11.
1069 3908 1098 3969 2.
1123 3905 1204 3972 Petr.
1224 3908 1391 3990 2‚12.3,4.

219 4013 448 4096 Ap00.20,10.

330 4137 393 4202 Pro
418 4137 793 4203 coniunctionibus
817 4137 1076 4222 copulatiris
1099 4135 1166 4202 καί
1189 4188 1197 4203 .
1223 4184 1230 4199 .
1257 4187 1265 4202 .
1292 4184 1299 4199 .
1325 4138 1392 4204 καί

220 4242 300 4307 Itala
326 4246 353 4308 l.
377 4244 446 4309 Cor.
471 4247 544 4327 r,34
568 4250 600 4311 et
622 4245 759 4330 Philipp.
778 4246 852 4326 4,Ιὸ
874 4249 1045 4310 »et-et«
1068 4245 1207 4328 exhibet,
1230 4245 1391 4328 Hierony-

222 4370 294 4414 mus
316 4353 420 4434 prima
442 4353 600 4437 particula
623 4353 739 4416 omissa
762 4352 892 4417 alteram
912 4353 1006 4417 modo
1025 4351 1171 4417 reddidit.

332 4475 455 4553 Quibus
475 4476 632 4562 exemplis
650 4477 854 4542 adnumerari
872 4477 949 4543 licet
967 4477 1034 4541 Gal.
1055 4479 1127 4557 328
1148 4467 1207 4542 οὐκ
1225 4472 1273 4543 ἔνι
1292 4467 1392 4565 ἄρσεν

220 4582 276 4648 καὶ
299 4582 398 4671 θῆλυ,
423 4604 507 4648 nora
526 4584 638 4668 fragm.
658 4584 695 4650 Il
712 4603 777 4648 non
794 4588 842 4649 est
855 4585 1018 4649 masculus
1033 4589 1072 4650 et
1086 4584 1216 4668 femina,
1231 4584 1390 4668 Hierony·
