3517 5175
862 356 1083 418 ..74-

387 556 443 599 ται
466 525 535 598 ἀπὸ
559 536 618 596 τοῦ
641 528 744 613 νόμου
767 534 827 596 τοῦ
850 525 980 618 ἀνδρός,
1006 532 1044 597 It.
1068 539 1100 598 et
1119 532 1212 616 Vulg.
1235 533 1263 597 si
1287 537 1392 598 autem
1416 537 1561 597 mortuus

388 641 485 706 fuerit
508 642 558 704 vir
580 642 659 721 eius
682 641 786 705 soluta
808 644 857 706 est
879 662 897 704 a
920 640 990 724 lege
1015 641 1084 704 viri.

498 766 703 829 Pronominis
726 786 859 850 possess
879 769 1022 830 noster
1042 784 1140 829 unum
1160 764 1356 850 deprehendi
1375 764 1560 850 exemplum

391 875 417 937 1.
440 873 512 937 Joh.
537 874 611 955 330
636 868 692 936 ἐὰν
714 866 942 959 καταγινώσκῃ
967 866 1060 959 ἡμῶν
1083 867 1102 958 ἦ
1126 872 1258 961 καρδία,
1284 872 1321 937 It
1339 874 1367 937 si
1390 872 1563 957 reprehen-

390 979 472 1045 derit
494 1000 554 1044 nos
578 1000 641 1062 cor,
665 980 760 1062 Vulg.
784 1000 838 1044 cor
861 985 1063 1060 nostrum3

499 1087 538 1153 de
563 1088 663 1152 tribus
687 1088 756 1151 aliis
775 1087 854 1152 locis
873 1088 903 1150 2.
923 1087 993 1152 Cor.
1012 1089 1095 1171 alu,
1115 1089 1144 1152 2.
1163 1088 1246 1153 Pelr.
1266 1088 1349 1170 230,
1370 1089 1398 1151 1.
1416 1087 1489 1152 Joh.
1511 1087 1563 1168 1,9

389 1194 534 1261 dubitare
568 1195 652 1277 licet,
687 1214 759 1260 cum
795 1195 849 1259 alii
884 1195 1012 1260 codices
1041 1196 1228 1279 genetivum
1259 1186 1350 1282 ἡμῶν
1380 1194 1564 1277 exhibeant,

389 1303 443 1366 alii
467 1304 622 1368 omittant

499 1428 679 1493 Pronomea
718 1448 852 1512 possess.
887 1432 1028 1494 vester
1061 1428 1095 1491 in
1129 1432 1265 1510 utruque
1298 1428 1564 1512 interpretatione

389 1536 506 1619 legitur
526 1535 602 1601 Luc.
625 1537 718 1617 11‚13
741 1526 758 1596 ὃ
780 1532 903 1622 πατήρ,
920 1540 1010 1620 pater
1025 1541 1179 1617 vester,
1195 1536 1229 1598 in
1245 1534 1326 1599 Itala
1343 1536 1370 1598 1.
1387 1534 1471 1599 Petr.
1488 1535 1565 1616 2,18

390 1634 656 1725 ὑποτασσόμενοι
680 1689 688 1705 .
715 1689 723 1704 .
750 1689 757 1704 .
784 1689 791 1703 .
817 1647 889 1719 τοῖς
912 1636 1102 1720 δεσπόταις,
1128 1643 1164 1706 lt.
1188 1642 1338 1707 subditi.
1362 1693 1368 1706 .
1393 1691 1400 1706 .
1425 1641 1566 1706 dominis

390 1749 563 1830 vestris,
588 1748 675 1831 Vulg
675 1799 805 1814 .....
829 1750 976 1814 dominis

502 1873 625 1950 Quibus
656 1876 812 1960 exemplis
840 1876 1014 1939 adnumero
1037 1875 1115 1940 Luc.
1141 1876 1244 1957 1232,
1268 1895 1342 1939 cum
1365 1875 1459 1939 lectio
1483 1875 1567 1958 opti-

392 2000 515 2044 morum
539 1982 686 2047 codicum
709 1980 756 2070 μὴ
773 1983 953 2067 μεριμνᾶτε
970 1985 1011 2070 τῇ
1031 1982 1122 2069 ψυχῇ
1140 2003 1159 2046 a
1176 1980 1415 2047 Tischendorfio
1435 2001 1567 2065 quoque

388 2088 547 2172 probetur,
578 2109 673 2173 quem
704 2095 829 2155 textum
859 2090 939 2154 Itala
970 2090 1074 2155 verbis
1108 2090 1225 2155 »nolite
1248 2089 1376 2154 solliciti
1400 2109 1469 2154 esse
1493 2089 1566 2152 ani·

389 2215 492 2278 mae«,
515 2195 608 2280 Vulg.
637 2197 753 2262 »nolite
775 2197 902 2262 solliciti
922 2218 992 2263 esse
1011 2198 1138 2262 animae
1158 2200 1301 2262 vestrae«
1324 2198 1566 2280 interpretatur,

390 2323 485 2385 quam
511 2304 725 2369 diversitatem
750 2305 981 2389 interpretandi
1005 2306 1101 2369 etiam
1124 2305 1214 2369 Rom.
1241 2304 1479 2387 15‚301nveni.

501 2429 681 2494 Articulum
728 2429 1009 2494 coniunctionibus
1047 2429 1257 2495 adversativis
1294 2429 1480 2493 adiunctum
1521 2427 1564 2492 ab

390 2534 470 2599 ltala
493 2555 557 2601 uno
582 2541 676 2620 atqtre
700 2537 810 2604 eodem
832 2537 927 2603 modo
942 2538 1130 2622 pronomine
1149 2536 1329 2619 »quidam«,
1346 2535 1384 2601 ab
1400 2534 1568 2619 Hierony-

392 2662 443 2708 mo
467 2645 554 2708 varie
578 2665 766 2728 expressum
789 2646 902 2711 inveni
924 2645 1041 2730 Ephes.
1061 2646 1133 2727 4,11
1158 2640 1235 2721 τοὺς
1256 2642 1317 2728 μὲν
1338 2690 1346 2705 .
1371 2690 1378 2706 .
1402 2689 1410 2706 .
1434 2689 1461 2717 .,
1485 2640 1567 2721 τοὺς

391 2748 429 2816 δὲ
453 2797 460 2812 .
488 2798 496 2812 .
522 2796 530 2812 .
557 2797 583 2823 .,
608 2748 686 2829 τοὺς
709 2749 746 2815 δὲ
769 2797 777 2814 .
804 2798 812 2814 .
838 2798 846 2814 .
873 2802 902 2828 .,
926 2749 1004 2831 τοὺς
1025 2749 1071 2825 δέ,
1094 2753 1130 2816 It.
1153 2751 1307 2835 quosdam
1324 2749 1567 2834 quidem....‚

391 2859 545 2941 quosdam
569 2865 675 2924 autom
701 2911 707 2922 .
732 2911 738 2923 .
763 2911 769 2924 .
794 2910 816 2941 .,
840 2860 994 2943 quosdam
1024 2880 1099 2925 vero
1123 2911 1130 2924 .
1154 2911 1161 2925 .
1186 2911 1192 2924 .
1216 2909 1240 2941 .,
1263 2858 1415 2942 quosdam
1446 2861 1567 2940 autem,

391 2965 486 3049 Vulg.
521 2966 675 3048 quosdam
711 2966 842 3050 quidem
873 3018 880 3030 .
911 3017 918 3031 .
947 3017 970 3049 .,
1005 2967 1159 3049 quosdam
1193 2970 1297 3032 autem
1332 3014 1448 3048 ....‚
1483 2964 1566 3029 alios

392 3092 467 3138 vero
490 3123 497 3137 .
521 3125 528 3137 .
552 3125 559 3139 .
584 3124 606 3156 .,
630 3074 708 3138 alios
732 3079 847 3139 autem.

923 3373 1042 3490 VI

503 3803 712 3888 Participium
736 3823 799 3867 aor.
823 3808 891 3885 act,
921 3823 984 3887 quo
1008 3803 1122 3868 Graeci
1146 3807 1202 3866 aut
1223 3800 1257 3864 id
1281 3800 1388 3882 eloqui
1410 3797 1567 3880 solebant

393 3911 478 3995 quod
511 3912 631 3976 factum
663 3916 718 3994 est
749 3916 919 3993 antequam
952 3912 1033 3975 actio
1069 3908 1159 3976 verbi
1192 3908 1280 3972 finiti
1312 3908 1476 3990 inciperet,
1510 3909 1568 3969 aut

394 4038 464 4084 eam
488 4019 646 4084 actionem
671 4018 872 4102 denotabant,
900 4038 982 4101 quae
1010 4017 1144 4083 verbum
1168 4016 1298 4099 quidem
1320 4014 1451 4078 finitum
1474 4032 1567 4097 prue-

397 4127 492 4209 venit,
524 4126 581 4191 sed
613 4145 679 4190 una
711 4146 784 4191 cum
815 4127 876 4192 hoc
907 4126 1120 4206 continuatur,
1143 4125 1272 4207 linguae
1295 4122 1430 4187 Latinae
1453 4120 1566 4202 defuit

394 4238 426 4298 et
447 4234 637 4318 interpretes
660 4233 893 4317 Scripturarum
917 4236 1099 4298 sanctarum
1119 4230 1225 4296 Latini
1249 4230 1354 4294 varias
1376 4230 1445 4293 vias
1467 4230 1566 4294 inter·

393 4341 540 4425 pretandi
562 4341 712 4407 inierunt

506 4466 697 4551 Saepissime
719 4486 777 4551 pro
800 4466 967 4550 participio
991 4465 1099 4530 coristi
1122 4464 1218 4530 activi
1241 4463 1294 4529 vel
1315 4460 1415 4527 medii
1437 4460 1566 4545 parti·

395 4576 548 4661 cipium
572 4594 697 4659 praes.
720 4580 792 4640 act.
817 4573 986 4640 verborum
1009 4577 1168 4638 structura
1190 4591 1256 4637 non
1278 4573 1400 4635 mutata
1418 4567 1564 4635 reddide-
