3517 5175
689 363 820 464 5²⁷
868 400 910 410 -

623 537 714 593 Nova
731 539 844 608 fragm.
863 537 979 593 Italae.
1123 538 1280 608 Vulgata

331 626 387 682 on.
407 628 476 695 soe.

214 717 271 770 τῶν
289 710 474 787 παραβάσεων
491 711 585 790 χάριν.
615 717 831 784 transgressionis
849 716 976 786 gratia.
1016 720 1125 787 propter
1141 717 1373 786 transgressiones.

331 863 359 944 o)
382 862 645 948 Praepositio
670 883 758 927 oum
782 862 925 927 dativo
949 865 1193 928 ooniuneta:
1218 859 1268 926 ἐν.

751 1002 853 1059 Itala.
1121 1004 1281 1074 Vulgata.

303 1093 361 1146 Aet
381 1108 421 1162 ap.
440 1093 492 1160 2,1.

213 1181 246 1235 ἐν
281 1183 319 1250 τῷ
356 1184 587 1255 συμπληροῦσθαι
614 1182 649 1235 in
661 1181 706 1236 illo
719 1184 846 1251 tompore,
859 1198 912 1252 quo
925 1182 987 1237 sub·
1015 1199 1096 1253 quum
1111 1181 1307 1252 complerentur
1323 1181 1387 1236 dies.

214 1269 265 1336 τὴν
283 1267 398 1342 ἡμέραν.
614 1271 702 1341 plotus
721 1273 763 1325 est
779 1271 844 1326 dies.

314 1361 390 1416 Rom.
409 1362 478 1428 833.

214 1447 294 1504 αὐτοὶ
316 1449 348 1503 ἐν
365 1450 472 1511 ἑαυτοῖς
489 1444 587 1504 στενά·
613 1451 665 1520 ipsi
696 1449 729 1503 in
757 1449 890 1505 nobismet
923 1451 988 1521 ipsis
1015 1451 1065 1521 ipsi
1083 1450 1154 1505 intna
1171 1467 1219 1504 nos
1237 1449 1375 1520 gemimus.

214 1543 305 1611 ζομεν.
614 1538 820 1609 ingemiscimus.

215 1629 586 1697 1.cor.11,300taom.12‚3.

213 1716 247 1769 ἓν
266 1711 340 1786 ὑμῖν.
614 1719 648 1771 in
667 1718 768 1772 vobis
792 1718 866 1789 (item
892 1719 986 1788 fragm.
1015 1721 1158 1774 intervos

614 1808 647 1862 It.
670 1810 692 1862 l.
712 1806 771 1863 Cor.
786 1809 830 1874 23
844 1813 872 1862 et
885 1809 910 1862 2.
928 1807 986 1864 Cor.

617 1897 672 1954 10.1
694 1899 722 1951 et
740 1897 773 1952 It.
792 1897 867 1966 Speo.
889 1900 912 1952 1,
928 1897 986 1954 Cor.

614 1986 676 2056 33).

299 2074 325 2127 2.
342 2072 407 2128 Τίσι.
427 2075 497 2142 2,25.

213 2160 246 2214 ἐν
264 2157 407 2233 πραΰτητι.
614 2163 647 2217 in
666 2164 803 2219 modestia.
1015 2183 1075 2220 oum
1093 2164 1229 2220 modestia.

314 2253 394 2320 Apoe.
414 2252 483 2320 20,8.

213 2339 247 2392 τὰ
283 2339 315 2392 ἐν
350 2346 410 2401 ταῖς
441 2345 587 2414 τέσσαρσιν
614 2359 682 2413 quae
709 2346 773 2397 sunt
800 2343 835 2396 in
862 2346 988 2413 quattuor
1015 2361 1082 2415 qnae
1100 2346 1164 2398 eunt
1181 2345 1388 2413 superquatuor

212 2432 334 2498 γωνίαις.
613 2431 725 2502 angulis¹
1014 2433 1132 2503 angulos

295 2520 318 2571 l.
338 2519 398 2575 (lor.
419 2522 504 2589 11‚18.
697 2521 767 2577 Itala
784 2521 899 2593 Speculi.

213 2612 424 2679 συνερχομένων
462 2647 469 2662 .
511 2650 518 2663 .
555 2612 587 2666 ἐν
613 2611 832 2667 convenientibus
858 2655 864 2667 .
892 2656 898 2667 .
923 2656 928 2666 .
952 2612 986 2665 in
1016 2613 1122 2668 ...in
1140 2612 1287 2667 eeclesiam.

213 2694 350 2765 ἐκκλησίᾳ.
613 2701 778 2756 eeclesia.

301 2788 397 2858 Ephes.
417 2792 486 2857 4‚19.

214 2872 245 2926 ἐν
263 2878 415 2947 πλεονεξίᾳ.
612 2880 646 2934 in
675 2879 833 2934 avaritia
860 2880 926 2945 (eod.
955 2880 986 2948 P,
1013 2883 1042 2935 in
1060 2881 1207 2935 avaritiam.

612 2986 680 3024 seeo.
708 2969 736 3024 X
764 2969 808 3023 vel
838 2970 889 3036 XI,
918 2987 986 3040 quae

612 3058 690 3113 lectio
708 3058 775 3112 mihi
793 3059 900 3128 quidem
916 3060 985 3114 anti·

612 3165 665 3218 qna
678 3150 706 3202 et
718 3165 784 3203 vera
797 3148 904 3203 videtur
918 3165 985 3215 esse,

612 3237 706 3292 melior
724 3254 763 3302 ea,
782 3254 850 3308 quae
870 3241 925 3292 est:
943 3241 986 3292 »et

612 3326 764 3394 avaritiam,
827 3327 985 3396 praesertim

612 3433 671 3469 eum
728 3416 795 3471 bene
844 3416 986 3471 conveniat

611 3505 747 3560 tenacitati
770 3505 912 3560 verborum
930 3507 985 3561 Ita-

611 3594 672 3663 lae).

297 3680 320 3733 1.
339 3679 410 3733 Petr.
434 3681 501 3747 1,13.

213 3766 245 3819 ἐν
262 3763 446 3836 ἀποκαλύψει.
612 3773 646 3826 in
665 3774 902 3828 revelatione.
1012 3774 1040 3826 in
1058 3772 1256 3827 revelationem.

300 3858 321 3911 l.
342 3858 407 3914 nim.
427 3861 496 3926 3,16.
661 3862 701 3917 Do
721 3862 817 3918 Genesi
836 3863 868 3917 ad
888 3863 939 3918 litt.

214 3941 349 4017 ἐκηρύχθη
368 3947 398 4000 ἓν
416 3950 535 4004 ἔθνεσιν.
613 3952 790 4021 praedicatum
805 3952 890 4006 estin
904 3969 984 4021 gen·
1011 3951 1192 4021 praedicatum
1202 3954 1244 4005 est
1252 3950 1384 4020 gentibus.

611 4040 716 4096 tibus.

214 4179 244 4255 dl
267 4180 610 4268 Praepositiones
634 4207 720 4251 enm
744 4189 940 4271 genetivo
965 4190 1004 4252 et
1025 4188 1271 4252 accusativo
1295 4205 1384 4250 oon·

504 4293 689 4360 iunctae:
714 4288 800 4367 διά,
825 4289 947 4368 κατά,
973 4287 1087 4380 ὑπὲρ.

747 4416 849 4472 Itala.
1120 4416 1277 4486 Vulgata.

313 4500 389 4555 Rom.
408 4503 478 4571 8‚ll.

212 4587 259 4643 διὰ
276 4591 326 4645 τοῦ
343 4586 507 4664 πνεύματος.
612 4595 818 4666 perspiritum.
1012 4599 1120 4667 propter
1137 4595 1268 4666 spiritum.
