3517 5175
812 359 1013 423 ...8-

438 537 575 624 Philipp.
600 541 648 622 2,1
672 534 889 623 σπλάγχνα
912 538 980 604 καὶ
1004 535 1221 626 οἰκτιρμοὶ
1251 539 1286 601 in
1310 536 1346 600 lt.
1371 536 1498 620 Speenli

329 644 436 709 verbis
463 646 646 711 »viscera
669 649 708 709 et
730 646 1037 710 miserationes«
1064 646 1298 729 exprimuntur,
1315 664 1386 709 curn
1405 645 1498 728 Vulg.

325 752 452 817 viscera
474 753 689 818 miserationis
711 752 875 836 praebeat3

436 858 553 924 deinde
579 862 606 923 1.
631 859 701 923 Cor.
726 860 819 940 12,31
845 859 943 924 verba
967 850 1058 922 καθ’
1089 851 1333 945 ὑπερβολὴν
1357 851 1436 922 ὁδόν
1459 857 1498 923 de
1601 945 1603 948 ι

326 965 405 1030 Gen.
438 965 477 1030 ad
509 965 568 1030 litt.
603 969 650 1048 lsi
685 965 791 1031 verbis
826 968 1138 1049 »supereminentem
1167 968 1269 1030 viam«
1301 967 1420 1031 rectius
1444 985 1499 1030 ex-

322 1091 432 1156 pressa
459 1073 595 1157 legimus
624 1092 719 1156 qnam
748 1072 905 1156 Vulgatae
935 1073 1040 1138 verbis
1072 1074 1351 1138 »excellentiorem
1382 1074 1499 1151 viam«,

326 1179 442 1261 quibus
466 1180 546 1245 Itala
569 1179 697 1264 Speculi
717 1180 872 1263 congruit
897 1200 1088 1263 quamquam
1111 1180 1226 1265 Ephes.
1248 1182 1321 1261 3,19
1342 1181 1376 1242 in
1394 1179 1499 1245 verbis

322 1283 382 1372 τὴν
402 1277 678 1372 ὑπερβάλλουσαν
696 1278 831 1374 ἀγάπην
850 1287 1079 1352 transferendis
1102 1293 1235 1369 utraque
1254 1288 1357 1352 versio
1381 1288 1499 1370 optime

327 1393 541 1472 consentiunt,
595 1392 670 1456 dnm
727 1396 1036 1478 »supereminentem
1094 1396 1276 1460 caritatem«
1335 1383 1496 1472 scribunt3

437 1500 536 1582 Apoc.
567 1500 639 1582 20‚l
671 1520 727 1584 pro
759 1498 795 1565 ἐκ
824 1503 882 1586 τῆς
913 1503 1103 1588 φυλακῆς
1134 1508 1244 1566 auctor
1277 1501 1375 1566 Italae
1406 1521 1500 1565 aecn-

321 1607 421 1671 ratius
455 1605 514 1670 »de
544 1607 752 1671 custodia«
786 1608 891 1673 reddit
918 1628 1013 1691 quam
1037 1609 1169 1674 Hieron.
1196 1608 1255 1673 »de
1285 1627 1445 1689 carcere«,
1469 1612 1501 1672 et

324 1733 403 1778 sane
427 1712 594 1777 fatendum
625 1719 673 1778 est
694 1713 810 1797 Ephes.
839 1717 914 1797 4,29
945 1711 1030 1799 rapio
1061 1710 1240 1801 οἰκοδομὴν
1262 1719 1319 1800 τῆς
1347 1712 1498 1802 χρείας

325 1821 499 1904 Augustini
523 1819 630 1903 verba,
661 1840 742 1903 quae
772 1822 924 1904 leguntur
956 1823 1014 1886 »ad
1046 1822 1303 1886 aedificationem
1334 1829 1499 1906 oportu-

325 1928 493 1991 nitatis«
527 1927 641 1992 melius
664 1927 779 1993 Latine
809 1930 934 1994 reddita
964 1950 1033 1995 esse
1066 1949 1160 2012 quam
1192 1929 1384 2011 Hieronimi‚
1417 1949 1498 2012 quae

324 2039 413 2098 sunt:
442 2035 502 2097 aad
525 2035 783 2101 aedificationem
806 2037 911 2101 fidei‘.

435 2143 465 2205 2.
487 2142 595 2206 Thess,
618 2143 669 2224 2,9
694 2141 748 2207 καὶ
771 2140 907 2225 τέρασιν
931 2139 1122 2223 ψεύδους,
1148 2144 1185 2208 n.
1209 2144 1407 2209 substantivo
1432 2164 1497 2209 ser-

324 2252 398 2312 vato
424 2253 476 2312 »et
497 2248 651 2331 prodigiis
674 2250 912 2332 mendacii«,
936 2250 1030 2333 Vulg.
1054 2256 1085 2316 et
1108 2252 1261 2335 prodigiis
1280 2250 1497 2317 mendacibus

435 2373 508 2438 Duo
542 2373 680 2456 denique
713 2375 775 2439 loci
808 2395 872 2438 non
907 2381 983 2439 sunt
1015 2375 1203 2459 neglegendi
1237 2396 1279 2441 en
1311 2378 1499 2461 fragmentis

324 2480 530 2565 epistularum
562 2480 654 2544 Pauli
685 2481 782 2564 allati,
815 2484 869 2565 qui
901 2484 960 2566 ipsi
993 2503 1121 2566 quoqne
1151 2503 1285 2566 magnae
1318 2485 1498 2549 tenacitatis

323 2589 475 2671 antiquae
498 2589 586 2653 illius
609 2591 883 2673 interpretationis
906 2592 1089 2656 testimonio
1114 2597 1204 2655 sunt:

435 2697 462 2759 1.
501 2695 571 2760 Cor.
610 2698 658 2778 2‚1
699 2688 777 2760 καθ’
817 2690 983 2784 ὑπεροχὴν
1020 2694 1167 2782 λόγου,
1207 2699 1319 2781 fragm.
1356 2719 1403 2782 ep.
1443 2699 1498 2761 ain

324 2802 460 2867 elatione
484 2802 616 2885 verbi,
637 2802 730 2887 Vulg.
753 2824 811 2888 per
830 2804 1058 2870 sublimitatem
1074 2807 1237 2887 sermonis,
1258 2812 1289 2870 et
1307 2808 1334 2869 1.
1352 2804 1420 2870 Oor.
1440 2808 1498 2887 1,8,

322 2908 379 2973 ubi
400 2909 530 2993 plurimi
553 2909 680 2976 codices
709 2906 743 2973 ἐν
765 2913 816 2998 τῇ
841 2904 974 2999 ἡμέρᾳ
997 2917 1056 2976 τοῦ
1078 2909 1194 2997 κυρίου
1225 2912 1388 2993 exhibent
1417 2932 1498 2995 qnae

323 3016 422 3082 verba
444 3018 556 3101 fragm.
580 3037 628 3102 ep.
649 3018 756 3083 verbis
779 3020 833 3082 ain
855 3020 921 3084 die
938 3019 1079 3083 domini«
1099 3028 1334 3103 expresserunt,
1351 3025 1499 3101 quattuor

323 3127 428 3189 autern
461 3123 609 3189 codicum
640 3126 828 3191 auctoritate
858 3125 957 3190 verba
986 3121 1021 3188 ἐν
1049 3126 1091 3210 τῇ
1121 3126 1293 3213 παρουσίᾳ
1316 3126 1498 3209 probantur,

322 3251 404 3314 quae
424 3231 644 3315 Hieronymus
668 3252 742 3297 cum
766 3233 870 3316 priore
894 3238 985 3298 textu
1007 3234 1052 3296 ita
1073 3235 1253 3312 coniunxit,
1276 3238 1312 3296 ut
1330 3233 1496 3298 scriberet:

326 3341 378 3402 »in
404 3340 456 3405 die
480 3339 636 3403 adventus
660 3338 813 3404 domini«.

433 3447 507 3510 Jam
531 3446 730 3530 perlustratis
754 3447 919 3532 exemplis,
944 3446 1059 3529 quibus
1082 3446 1163 3510 Itala
1191 3448 1228 3510 in
1258 3450 1349 3512 textu
1374 3447 1496 3512 Graeco

321 3553 542 3619 transferendo
566 3553 759 3635 etymologia
782 3554 897 3618 melius
926 3560 1072 3637 respecta
1100 3556 1221 3619 maiore
1250 3559 1298 3618 est
1328 3555 1497 3619 tenacitate

322 3660 493 3726 verborum
529 3680 604 3725 cum
638 3661 865 3745 perspicuitate
904 3662 1083 3726 sententiae
1123 3681 1217 3743 quam
1253 3661 1401 3744 Vulgata,
1439 3680 1498 3744 age

324 3768 497 3833 afferamus
532 3787 586 3832 eos
620 3766 716 3849 locos,
752 3768 868 3850 quibus
904 3773 960 3831 aut
987 3788 1106 3833 casus
1136 3774 1192 3832 aut
1220 3788 1413 3832 numerus
1443 3774 1498 3831 aut

321 3893 453 3959 genus
483 3873 739 3938 substantivi
769 3876 805 3938 in
836 3875 984 3939 versione
1014 3873 1095 3939 Itala
1125 3875 1164 3939 ad
1188 3879 1311 3939 textum
1337 3874 1494 3939 Graecum

323 3982 455 4066 propius
480 3981 604 4045 accedit
626 4000 722 4063 qnam
745 3982 781 4044 in
805 3980 951 4065 Vulgata.

444 4127 473 4204 a)
497 4123 578 4188 ltala
601 4144 735 4188 casnm
760 4124 1016 4189 substantivi
1040 4127 1123 4190 sisce
1145 4125 1225 4189 locis
1248 4126 1379 4190 retinet:

859 4229 959 4285 itala.
1229 4228 1387 4299 Vulgata.

412 4317 488 4372 Rom.
509 4318 596 4385 1130.

318 4401 489 4478 ἢλεήθητειῇ
499 4403 605 4459 τούτων
613 4404 692 4459 ἀπει-
721 4407 929 4462 misericordiam
960 4408 1095 4463 consecuti
1123 4407 1330 4462 misericordiam
1362 4407 1496 4462 consecuti

316 4499 391 4563 θείᾳ.
721 4496 1094 4551 estisillorumincroduli-
1123 4497 1187 4551 estis
1214 4500 1323 4566 propter
1353 4496 1494 4551 increduli-

719 4588 798 4641 tate.
1122 4589 1204 4641 tatem
1225 4586 1338 4641 illorum.
