3517 5175
697 382 1031 445 -25-·

605 566 609 622 Ι
754 556 856 614 Itala.
1129 555 1287 626 Vulgata.

314 648 495 717 1.cor.15,3

223 730 240 789 3
257 740 303 789 καὶ
322 740 486 810 παρέλαβον.
621 738 690 808 quod
701 741 729 792 et
737 737 875 806 accepistis
883 738 904 807 ¹)
916 744 994 807 (quac
1023 738 1091 808 quod
1111 741 1138 790 et
1155 734 1281 805 accepi.

622 827 704 882 verba
739 828 766 880 in
799 826 883 897 primo
915 844 995 881 versu

622 915 995 987 legimus‚quoauctorItalae

623 1005 995 1060 tertumvemumcontudisse

623 1095 746 1165 videtur).

312 1185 370 1237 Act.
390 1199 431 1253 ap.
452 1186 502 1239 1.1.

222 1268 309 1340 λόγον
325 1270 507 1342 ἐποιησάμην.
623 1289 772 1328 sermonem
791 1274 905 1328 fecimus
913 1273 941 1342 ¹).
1022 1288 1173 1327 sermonem
1191 1271 1271 1326 teci.

304 1362 361 1414 Act.
380 1378 422 1431 ap.
443 1364 510 1429 133.

223 1446 437 1521 προςευεάμενοι
456 1447 547 1508 eluar.
624 1455 747 1523 precatur
765 1451 870 1522 dixit').
1023 1454 1129 1506 orantes
1147 1451 1320 1505 dixerunt.

361 1541 417 1596 hes.
436 1543 487 1606 2,5.

217 1540 394 1699 xciprrtllpvu
416 1635 594 1703 σεσωσμένοι.
623 1629 996 1701 gmfiasumussalvifactr).
1023 1629 1108 1699 gratia
1125 1629 1212 1683 eatis
1230 1627 1371 1682 salvati.

339 1739 462 1817 Quibus
501 1760 542 1805 ex
580 1741 737 1825 exemplis
774 1740 990 1824 intellegimus
1033 1743 1156 1804 textum
1194 1737 1292 1803 Italae
1330 1757 1395 1800 non

222 1865 350 1930 semper
379 1866 453 1912 cum
477 1852 566 1912 textu
592 1848 722 1930 Graeco,
751 1847 854 1932 qualis
877 1867 968 1912 nunc
991 1851 1047 1927 est,
1072 1865 1258 1928 congruere.
1304 1843 1395 1921 Quod

222 1957 330 2016 utrum
370 1954 497 2019 levitate
535 1955 670 2039 quadam
711 1956 849 2020 auctoris
888 1974 928 2018 an
967 1954 1151 2019 diversitate
1192 1952 1394 2036 antiquorum

223 2059 370 2125 codicum
405 2060 609 2145 Graecorum,
642 2063 758 2146 quibus
790 2061 844 2127 ille
876 2081 955 2125 usus
988 2066 1044 2144 est,
1076 2080 1116 2125 an
1147 2060 1209 2124 alia
1237 2058 1276 2124 de
1300 2077 1398 2123 causa

223 2168 344 2233 iactum
368 2169 410 2232 sit
432 2168 608 2235 diiudicare
632 2189 696 2233 non
725 2169 810 2234 libet
855 2168 952 2233 Haud
982 2188 1086 2251 pauca
1115 2171 1221 2232 autem
1252 2166 1394 2231 eiusdem

224 2273 417 2340 diversitatis
437 2276 581 2340 vertendi
604 2277 753 2361 exempla
776 2276 939 2361 appendix
963 2275 1059 2338 huius
1083 2274 1181 2339 libelli
1205 2273 1342 2338 habebit

335 2400 498 2466 Postremo
521 2421 620 2465 unum
654 2402 850 2486 deprehendi
879 2402 997 2483 locum,
1028 2419 1090 2484 quo
1121 2405 1153 2464 et
1183 2399 1337 2463 vetustior
1366 2403 1397 2462 et

223 2509 381 2574 recentior
403 2509 621 2594 interpretatio
644 2509 755 2573 falsam
779 2528 948 2594 personam
973 2507 1062 2573 verbi
1086 2507 1257 2573 exhibent:

758 2632 857 2688 Itala.
1129 2629 1287 2698 Vulgata.

332 2721 391 2776 Jch.
413 2724 480 2789 14,9.

224 2808 275 2865 οὐκ
293 2809 415 2880 ἔγνωκάς
427 2830 472 2882 με.
622 2827 674 2866 nou
694 2811 920 2881 cognovistis
943 2828 994 2866 me.
1023 2826 1076 2865 non
1101 2806 1321 2878 cognovistis
1343 2822 1395 2860 me.

492 2971 552 3062 f„
578 2971 642 3043 ΙΙο
666 2969 1124 3058 praepositionibus.

333 3099 446 3184 Neque
478 3102 513 3163 in
545 3100 834 3185 praepositionibus
866 3098 1029 3164 vertendis
1056 3098 1155 3163 Italae
1184 3096 1312 3161 laudata
1340 3095 1396 3158 illa

223 3207 377 3272 tenacitas
401 3207 510 3291 defuit,
533 3212 569 3271 ut
595 3212 650 3271 aut
678 3208 811 3273 verbum
841 3228 859 3271 e
890 3207 986 3272 verbo
1018 3207 1212 3291 exprimeret
1243 3209 1298 3267 aut
1325 3222 1395 3267 ver·

224 3313 333 3377 borum
371 3314 565 3379 Graecorum
602 3316 864 3400 compositionem
898 3316 1021 3377 imitata
1052 3312 1245 3378 sententiam
1276 3311 1395 3394 optime

222 3420 378 3503 redderet,
394 3421 614 3503 Hieronymus
630 3429 735 3487 autem
753 3421 899 3486 libertate
915 3421 1052 3505 quadam
1069 3421 1225 3485 sermonis
1245 3423 1394 3483 uteretur.

335 3545 435 3610 Cuius
459 3546 651 3612 discriminis
674 3547 754 3612 haec
778 3546 926 3630 exempla
949 3547 1029 3609 mihi
1058 3547 1093 3609 in
1126 3549 1273 3629 promptu
1304 3547 1393 3606 sunt:

282 3671 311 3749 a)
334 3671 600 3756 Praepositio
625 3692 712 3737 cum
736 3672 978 3737 accusativo
1003 3673 1242 3737 coniuncta:
1267 3661 1336 3745 εἰς.

758 3793 857 3850 Itala.
1006 3793 1010 3848 l
1128 3791 1287 3862 Vulgata.

328 3882 492 3937 1111111149.

223 3973 261 4031 εἰς
290 3971 371 4025 τοῦτο
393 3924 596 4046 γὰρ’Χριστὸς
622 3974 661 4027 ad
686 3974 749 4028 hoc
773 3974 845 4028 eninr
873 3973 995 4030 Christus
1023 3974 1050 4027 in
1082 3973 1132 4027 hoc
1170 3971 1241 4027 enim
1273 3969 1394 4027 Christus

222 4058 373 4114 auream.
621 4065 742 4117 mortuns
761 4066 809 4117 est
1022 4066 1142 4117 mortuus
1161 4065 1209 4116 est.

295 4152 318 4205 l.
336 4149 426 4205 Thess.
445 4152 515 4219 4,]7.

222 4235 280 4310 ἅμα
306 4237 359 4292 σὺν
384 4237 476 4300 αὐτοῖς
502 4236 594 4313 cignu-
622 4239 701 4296 simul
720 4258 780 4296 cum
794 4241 847 4295 illia
861 4240 996 4311 rapiemur
1022 4241 1101 4294 simul
1119 4239 1253 4309 rapiemur
1267 4254 1325 4292 cum
1341 4235 1394 4289 illis

222 4325 368 4400 γησόμεθα
382 4330 421 4387 εἰς
431 4325 592 4396 ἀπάντησιν.
622 4331 656 4384 in
674 4331 821 4387 obviarn.
1022 4330 1134 4385 obviam.

224 4491 244 4561 ¹)
263 4494 355 4546 contra
372 4491 454 4546 Fuust
470 4492 547 4559 XI‚3.
864 4493 884 4562 ⁹)
903 4494 995 4546 contra
1013 4489 1127 4546 Felicem
1146 4490 1212 4557 Iac.

223 4598 245 4670 ¹)
264 4602 357 4656 contra
374 4599 450 4670 epist
469 4600 587 4656 fundam.
606 4617 628 4655 c.
647 4602 673 4657 9.
862 4600 884 4670 ⁴)
902 4602 995 4655 contra
1012 4600 1094 4655 Faust
1111 4599 1179 4667 XI,8
1201 4600 1228 4653 et
1245 4599 1340 4669 tregru.
1359 4599 1392 4653 1t.
