3517 5175
821 341 1020 425 -d-'

335 538 456 604 'rustica
478 519 529 604 vel
552 539 697 623 plebleia,
721 559 785 622 qua
807 541 841 603 in
863 542 1040 624 provinciis
1058 541 1185 623 imperii
1207 540 1343 604 Romani
1367 539 1508 606 efflores-

335 651 426 712 cente
456 646 585 712 Africae
615 648 756 711 maxime
793 648 963 731 scriptores
998 646 1179 712 utebantur.
1188 647 1210 728 1)
1256 648 1368 712 Africa
1402 653 1507 713 autern

332 739 603 838 praeclarissimas
642 756 811 838 scriptores
846 754 1078 843 ecclesiasticos
1113 756 1232 838 genuit,
1267 755 1508 845 Tertullianum,

335 861 540 945 Cyprianum,
570 862 760 944 Amobium,
790 862 1016 945 Augustinum,
1033 850 1184 944 'quorum
1209 862 1305 926 verba
1333 883 1375 927 ex
1403 862 1508 945 Serip-

332 970 412 1034 turis
436 968 555 1034 sanctis
576 967 669 1032 allata
684 968 836 1051 reliquias
852 968 946 1034 uobis
962 961 1088 1034 illarum
1105 970 1308 1052 antiquarum
1319 970 1505 1034 rersiouum

333 1081 543 1142 servaverunt
565 1077 649 1141 siout
672 1080 703 1141 et
725 1076 905 1159 fragmenta
928 1075 1083 1158 quaedam
1107 1096 1211 1160 nuper
1232 1077 1372 1141 inventa.

444 1201 578 1266 Duabus
601 1205 708 1267 autem
728 1200 936 1266 convertendi
955 1200 1134 1265 rationibus
1153 1203 1302 1284 antiquos
1320 1201 1392 1264 illos
1410 1202 1508 1266 inter-

333 1313 438 1394 pretes
461 1329 536 1373 usos
559 1328 630 1374 esse
652 1309 854 1392 Augustinus
876 1309 946 1392 ipse
969 1311 1144 1391 testaturss),
1175 1310 1229 1391 qui
1259 1308 1407 1372 omnibus
1431 1328 1507 1373 suae

333 1417 445 1481 aetatis
483 1415 798 1501 interpretationibus
836 1435 935 1479 unam
970 1417 1135 1499 anteponit
1171 1415 1293 1499 Italam,
1332 1436 1427 1498 quam
1466 1416 1507 1481 de

334 1524 431 1588 doctr.
462 1526 528 1588 chr.
553 1523 594 1606 Π,
620 1525 660 1587 16
691 1523 741 1586 his
765 1523 871 1587 verbis
896 1522 1070 1586 collaudat:
1099 1522 1155 1586 »ln
1178 1523 1256 1606 ipsis
1279 1528 1385 1588 autem
1409 1524 1507 1587 iuter·

332 1631 561 1714 prolationibus
593 1630 674 1694 Itala
706 1632 820 1696 ceteris
851 1630 1065 1714 praeferatur3
1097 1650 1170 1694 nam
1203 1635 1268 1695 est
1291 1631 1505 1695 verborum

330 1739 523 1803 tenacior
546 1757 633 1802 curn
656 1739 965 1821 perspicuitate
988 1738 1267 1820 sententiae«,
1297 1737 1413 1820 quibus
1436 1757 1506 1802 rer-

331 1845 380 1909 bis
404 1864 553 1929 magnam
576 1844 686 1907 laudat
708 1843 877 1909 verborum
902 1846 1107 1909 tenacitatem
1132 1844 1182 1908 vel
1206 1845 1414 1927 diligentiam,
1443 1864 1505 1927 qua

331 1951 411 2016 Itala
434 1953 499 2014 vim
524 1954 556 2016 et
578 1952 711 2016 nomina
733 1951 904 2016 verborum
925 1951 1117 2016 Graecorum
1138 1971 1263 2015 summa
1280 1954 1505 2035 perspicuitate

332 2060 510 2125 sententiae
533 2063 658 2123 servata
681 2060 757 2121 satis
780 2057 947 2123 evidenter
968 2060 1175 2142 interpretata
1199 2059 1247 2122 sit

447 2183 517 2260 Qua
541 2203 583 2248 ex
605 2182 686 2247 Itala
708 2184 935 2266 Augustinum,
960 2203 1033 2247 curn
1058 2203 1127 2247 eam
1151 2185 1230 2246 tanti
1254 2184 1443 2265 aestimaret,
1472 2184 1506 2246 in

330 2291 442 2375 primis
474 2292 649 2355 sententias
681 2291 807 2354 divinas
840 2291 875 2353 in
910 2291 1058 2373 operibus
1093 2291 1159 2354 suis
1191 2290 1328 2374 prolatas
1362 2290 1505 2355 hausisse

330 2397 545 2481 colligendum
569 2403 625 2480 est,
652 2399 732 2461 »nisi
756 2417 830 2462 eum
850 2398 1028 2462 dixerimus
1046 2399 1274 2480 Augustinum,
1299 2398 1354 2480 qui
1374 2398 1506 2461 meliora

329 2505 461 2588 videret,
482 2505 629 2590 probaret
644 2506 780 2588 aliisque
795 2509 994 2590 proponeret
1014 2507 1081 2589 ipse
1104 2506 1260 2569 deteriora
1276 2511 1463 2588 sequeretur
1472 2508 1504 2584 ³).
1546 2519 1548 2524 ’

441 2630 483 2694 Et
504 2650 616 2695 revera
638 2630 736 2695 rerba
759 2630 797 2694 ab
817 2632 1000 2714 Augustino
1020 2651 1061 2695 ex
1081 2630 1252 2714 Scripturis
1272 2633 1392 2695 sanctis
1411 2630 1505 2693 allata

332 2739 521 2821 plerumque
545 2742 726 2820 congruunt
749 2739 893 2821 exceptis
917 2739 972 2817 eis,
996 2758 1078 2819 quae
1106 2740 1141 2800 in
1165 2737 1324 2821 prioribus
1355 2738 1504 2821 operibus

331 2845 433 2926 affert,
465 2863 647 2927 quanquam
677 2864 742 2908 non
766 2844 949 2927 negandum
975 2850 1022 2909 est
1045 2845 1204 2909 interdum
1229 2845 1310 2926 fieri,
1334 2850 1370 2908 ut
1393 2845 1502 2910 eadem

331 2953 430 3018 rerba
453 2952 602 3015 allatuin
626 2951 761 3016 dirersis
785 2952 933 3034 operibus
956 2953 1041 3015 inter
1059 2972 1092 3016 se
1113 2951 1271 3032 differant,
1295 2971 1367 3016 oum
1388 2956 1444 3016 aut
1462 2974 1503 3017 ex

331 3061 487 3124 memoria
516 3059 701 3140 afferantur,
731 3063 787 3121 aut
817 3079 890 3123 cum
921 3060 1022 3142 ipsius
1046 3059 1219 3141 Augustini
1251 3059 1356 3123 verbis
1380 3079 1504 3123 conexa

328 3168 403 3248 sint,
427 3172 483 3230 aut
505 3185 740 3248 nonnunquam
764 3166 936 3230 deficiente
960 3167 1030 3230 eius
1060 3165 1170 3230 codice
1203 3165 1242 3230 de
1273 3165 1336 3229 alia
1366 3167 1502 3248 quadam

330 3275 592 3358 interpretatione
616 3272 843 3357 depromptal).

440 3397 511 3462 Huc
544 3398 579 3460 in
615 3396 735 3470 libello
758 3397 797 3461 de
832 3399 1003 3462 tenacitate
1038 3397 1208 3461 verborum
1244 3398 1342 3462 Italae
1375 3403 1503 3462 aeturus

329 3525 410 3588 sum,
434 3505 561 3587 qualem
584 3505 722 3588 primurn
747 3505 856 3567 inveni
879 3505 913 3566 in
937 3504 1027 3585 libre,
1056 3505 1111 3586 qui
1135 3509 1183 3568 est
1206 3504 1253 3569 De
1282 3505 1410 3569 civitate
1433 3504 1502 3585 Dei,

332 3613 380 3677 ed.
404 3611 566 3695 Dombart,
590 3610 706 3676 deinde
728 3612 763 3673 in
788 3611 877 3675 hisee
896 3611 1069 3694 Augustini
1094 3611 1192 3693 libris,
1216 3632 1296 3694 quos
1316 3611 1376 3675 rol.
1395 3611 1502 3675 XXV.

435 3790 456 3856 ¹)
474 3787 588 3855 Rbnseh,
616 3786 684 3842 Itala
710 3786 765 3840 und
792 3786 916 3855 Vulgata,
945 3803 1002 3855 pag.
1032 3788 1062 3853 23
1099 3787 1232 3853 Wolrflin,
1257 3788 1355 3841 Arebiv
1382 3788 1430 3840 fiir
1456 3787 1501 3842 lat.

328 3876 537 3947 Iexilrographie
561 3894 587 3930 u.
614 3875 776 3931 Grammatilr
799 3876 861 3943 Vll,
880 3877 947 3942 4723
969 3876 1083 3944 Teuffel,
1102 3876 1196 3930 Gesoh.
1219 3877 1501 3943 d.rbm.Iitteratu1·‚

327 3968 355 4021 8.
376 3968 448 4021 Aufl.
467 3969 483 4036 ς
501 3967 562 4021 345.

437 4056 456 4124 ²)
474 4056 516 4111 De
539 4056 621 4111 doctr.
647 4055 701 4109 chr.
728 4056 763 4123 ΙΙ,
792 4056 838 4108 13;
864 4054 1001 4109 habendae
1024 4055 1256 4124 interpretationes
1280 4072 1380 4123 eorum,
1404 4056 1449 4124 qui
1472 4072 1501 4109 ee

326 4145 416 4200 verbis
435 4145 515 4198 nimis
533 4145 734 4199 obstrinxerunt
752 4184 758 4198 .
779 4185 785 4198 .
806 4184 812 4197 .
832 4184 838 4198 .
859 4143 979 4210 aliorum,
1004 4145 1048 4214 qui
1067 4162 1120 4198 non
1139 4145 1223 4213 magis
1241 4145 1323 4198 verba
1342 4162 1419 4213 quarn
1440 4162 1500 4198 scn-

326 4235 425 4289 tentias
443 4234 642 4304 inte1pretando
661 4233 737 4303 sequi
755 4233 917 4287 maluemnt.

435 4325 455 4391 ⁸)
474 4324 602 4391 Sabatia,
632 4323 740 4378 Biblier.
770 4323 874 4378 Sacror.
903 4323 1013 4377 latinae
1039 4323 1175 4377 versiones
1203 4323 1284 4392 antiq.
1315 4323 1342 4377 P.
1369 4324 1390 4379 l.
1415 4325 1499 4393 praef.

330 4431 354 4483 p·
373 4413 455 4570 ΧΗΙἻ
469 4502 583 4569 Ebusum
603 4502 619 4557 l.
639 4519 661 4556 c.
681 4518 738 4571 pag.
759 4504 789 4569 ὃς
807 4501 943 4568 wormio,
968 4503 1045 4557 Neue
1068 4502 1251 4556 Bruclrstticke
1278 4502 1326 4554 der
1351 4502 1501 4570 Freisinger

327 4591 404 4661 Itala,
424 4607 481 4662 pag.
501 4594 525 4647 5.
