3517 5175
816 361 1038 424 -4ς-

458 541 484 604 1.
506 540 585 604 Tim.
609 541 659 621 3,2
683 534 830 622 κόσμιον,
856 531 1039 624 φιλόξενον,
1069 540 1106 604 lt
1130 545 1285 623 ornatum,
1316 542 1511 627 hospitalem,

344 646 438 730 Vulg.
461 652 617 719 ornatum.
640 647 850 731 pudicum,
873 645 1079 730 hospitalem3

452 756 481 817 2.
509 754 588 817 Tim.
616 756 667 836 4,5
698 751 756 841 τὴν
779 750 948 820 διακονίαν
971 777 1032 820 σου
1056 750 1330 842 πλρροφόρρσον,
1357 756 1394 820 lt.
1418 757 1512 820 mini·

342 862 474 925 sterium
498 865 587 924 tuum
611 862 717 945 imple,
741 861 834 944 Vulg.
859 910 865 923 .
890 910 896 923 .
921 910 928 924 .
950 862 1056 946 imple.
1107 862 1281 926 Sobrius
1304 868 1400 928 esto.
1431 864 1510 944 (cod.

343 968 390 1031 Ρ2
412 968 556 1051 Speculi:
580 969 727 1033 subditus
749 969 836 1048 esto).

452 1075 509 1139 Tit.
542 1078 592 1158 2,5
626 1070 811 1163 σώφρονας,
847 1070 955 1160 ἁγίας,
989 1077 1025 1141 It.
1058 1078 1239 1162 prudentes,
1272 1083 1382 1160 castas,
1418 1078 1509 1162 Vulg.

344 1182 414 1246 add.
438 1182 606 1247 sobrias.

457 1292 484 1354 1.
522 1289 605 1356 Petr.
644 1292 695 1364 3,8
734 1283 964 1377 εὔσπλαγχνοι,
1003 1286 1275 1379 ταπεινόφρονες,
1315 1293 1352 1357 lt
1390 1293 1512 1358 misen'·

344 1398 463 1480 cordes,
487 1397 633 1482 humiles
651 1398 745 1483 Vulg.
769 1399 1000 1481 misericordes,
1019 1399 1210 1482 modesti,
1229 1400 1383 1478 humiles3
1404 1400 1508 1465 adiec-

344 1507 445 1569 tivum
472 1506 643 1570 ›modesti‹
671 1507 809 1589 primum
832 1509 993 1588 tamquam
1018 1506 1161 1570 scholion
1189 1508 1222 1569 in
1246 1508 1389 1590 margine
1412 1507 1510 1590 scrip-

347 1618 414 1676 tum
438 1619 548 1697 postea
570 1613 604 1676 iu
628 1617 751 1678 textum
775 1613 940 1697 delapsum
964 1633 1033 1678 esse
1055 1616 1250 1698 putaverim3

455 1723 484 1784 2.
523 1719 605 1786 Petr.
639 1721 713 1804 2,10
748 1716 848 1799 δόξας
879 1712 920 1784 ori
952 1719 1128 1807 τρέμουσιν
1157 1722 1439 1808 βλασφημοῦντες,
1473 1719 1511 1784 It.

345 1831 447 1893 secus
471 1847 538 1892 uon
560 1832 716 1911 metuunt,
740 1828 1005 1912 blasphemantes,
1030 1828 1123 1911 Vulg.
1151 1833 1254 1893 sectas
1278 1847 1341 1891 non
1365 1833 1512 1892 metuunt

344 1935 616 2001 introducere
638 1935 911 2019 blasphemantes3

451 2043 520 2108 dac.
550 2045 600 2126 5‚3
631 2037 877 2130 ἐθησαυρίσατε
904 2042 938 2109 ἐν
967 2037 1122 2123 ἐσχάταις
1147 2035 1294 2131 ἡμέραις,
1325 2044 1361 2108 lt.
1385 2045 1511 2109 thesau-

341 2151 464 2214 rizastis
508 2151 542 2214 in
581 2150 765 2214 novissimis
809 2148 930 2232 diebus,
973 2150 1066 2234 Vulg.
1112 2152 1347 2215 thesaurizastis
1391 2150 1510 2215 vobis

343 2259 443 2321 iram
466 2259 502 2321 in
526 2263 584 2323 eto.

453 2366 553 2448 Apoe.
588 2364 684 2446 22,14
718 2360 750 2429 ολ
779 2358 957 2442 πλύνοντες
989 2364 1049 2444 τὰς
1082 2363 1202 2442 στολὰς
1235 2360 1353 2438 αὐτῶν,
1385 2365 1423 2429 It
1455 2366 1510 2447 qui

342 2471 450 2536 lavant
471 2472 567 2536 stolas
590 2491 672 2554 suas,
696 2471 789 2555 Vulg.
812 2471 900 2535 add:
924 2474 965 2534 in
990 2473 1193 2556 sanguine
1217 2474 1320 2555 agni.

881 2825 967 2942 Π,

619 3077 683 3149 lle
706 3077 906 3149 vocibus
930 3077 1231 3163 compostus.

453 3223 491 3287 In
516 3224 649 3288 vocibus
673 3225 856 3308 compositis
878 3223 1109 3288 transferendis
1133 3227 1266 3306 utraque
1293 3223 1510 3307 interpretatio

343 3351 454 3395 vocem
485 3332 690 3414 compositam
721 3351 777 3415 pro
809 3332 982 3415 composita
1004 3329 1138 3395 reddere
1161 3330 1291 3412 studuit,
1319 3349 1382 3412 quo
1405 3329 1510 3393 studio

342 3437 500 3502 adductus
522 3440 633 3501 auctor
662 3438 724 3520 (vel
754 3442 909 3517 auctores)
942 3438 1040 3503 Italae
1070 3436 1154 3500 haud
1184 3457 1255 3501 raro
1285 3456 1385 3501 novas
1416 3456 1510 3499 voces

343 3546 533 3629 compositas
562 3545 730 3609 finxerunt
759 3549 791 3609 et
819 3545 1043 3627 formaverunt,
1075 3550 1112 3608 ut
1141 3545 1283 3627 siugrdas
1312 3549 1417 3627 partes
1440 3562 1510 3607 ver-

342 3650 456 3715 borum
495 3651 690 3717 Graecorum
728 3654 868 3716 maxima
910 3672 986 3717 cura
1023 3656 1188 3717 servarent
1225 3656 1257 3716 et
1294 3649 1476 3735 supplerent
1487 3649 1509 3730 1)

342 3758 412 3836 Qua
440 3759 474 3821 in
497 3778 532 3824 re
555 3779 738 3842 quanquam
762 3759 842 3823 Itala
865 3764 897 3824 et
920 3759 1058 3843 Vulgata
1080 3778 1175 3843 saepe
1199 3763 1388 3841 congruunt,
1411 3758 1510 3820 inter-

342 3865 418 3928 dum
463 3866 511 3945 fit,
555 3872 592 3930 ut
635 3867 690 3930 illa
734 3868 854 3931 maiore
899 3867 941 3930 sit
985 3866 1152 3931 verborum
1196 3865 1365 3930 tenacitate
1411 3883 1505 3948 quam

340 3971 567 4056 Hieronymus,
597 3975 652 4058 qui
682 3973 838 4058 probioris
869 3973 1019 4038 dictionis
1050 3973 1154 4037 studio
1184 3972 1341 4037 adductus
1369 3970 1507 4054 simplici

342 4079 439 4144 verbo
462 4080 570 4144 utitur.

452 4203 521 4270 Neo
550 4225 605 4271 eos
634 4205 720 4270 locos
750 4206 878 4271 silentio
909 4207 1127 4289 praeterierim
1158 4224 1351 4288 quamquam
1382 4223 1509 4287 paucos,

341 4311 457 4394 quibus
487 4318 597 4377 auctor
619 4312 775 4396 Vulgatae
805 4313 990 4396 diligentius
1021 4313 1228 4396 compositum
1256 4331 1312 4396 pro
1336 4311 1509 4394 composito

340 4418 480 4483 reddidit
502 4440 598 4503 quam
622 4420 838 4504 interpretatio
861 4420 1023 4484 vetustior.

448 4596 467 4667 ¹)
486 4597 564 4651 Nova
580 4597 675 4665 fragm.
696 4596 727 4650 lt.
746 4612 803 4666 pag.
822 4597 839 4651 9
858 4598 886 4650 et
906 4596 946 4652 10.
