3517 5175
760 371 868 437 „5
917 411 957 420 .-

273 554 422 638 Corporis
437 553 633 637 Scriptorum
653 552 950 617 Ecclesiasticorum
976 553 1159 617 Latinorum
1178 553 1447 636 vindobonensis,

271 682 334 727 rec.
358 661 475 743 Zycha,
499 661 736 744 complectitur:
761 659 809 724 De
834 661 969 725 utilitate
991 660 1152 744 credendi,
1173 661 1213 726 de
1236 660 1360 725 duabus
1378 662 1447 725 ani-

272 769 394 851 mabus,
406 767 762 850 'contra-Fortunatum,
782 773 893 832 contra
909 767 1128 852 Adimantum,
1147 773 1257 833 contm
1276 768 1443 852 epistulam

271 876 480 958 fundamenti,
511 881 622 940 contra
644 875 807 956 Faustum,
836 878 951 940 contra
971 875 1121 958 Pelleem,
1152 876 1329 940 denatura
1360 875 1446 957 boni,

271 984 447 1049 Secundini
472 983 652 1048 Manichaei
677 983 719 1046 ad
741 983 771 1047 S.
790 983 1007 1065 Augustinum
1028 983 1172 1066 epistula,
1196 987 1306 1047 contra
1324 982 1446 1047 Secun-

272 1091 392 1172 dInum,
424 1095 491 1154 tum
524 1092 558 1154 in
594 1090 750 1174 »Speculo
782 1089 853 1172 (vol.
887 1089 962 1153 XII.
994 1089 1084 1174 Oorp.
1116 1090 1228 1174 Script.
1259 1089 1345 1180 Eccl.
1369 1089 1446 1173 Lat,

270 1219 332 1264 rec.
362 1197 554 1263 franciscus
577 1195 765 1282 Weihrieh),
795 1202 953 1280 postremo
983 1198 1019 1260 in
1048 1197 1140 1261 libris
1167 1196 1234 1262 »De
1259 1197 1376 1262 Genesi
1404 1197 1444 1261 ad

270 1306 426 1372 lifteram«
453 1307 541 1370 etin
567 1305 800 1371 »Locutionum
832 1304 922 1368 libris
945 1304 1008 1368 VII
1032 1303 1103 1386 (rol.
1127 1303 1275 1368 XXVIII
1299 1304 1444 1369 eiusdem

271 1413 426 1498 Corporis
450 1433 512 1478 rec.
536 1411 666 1498 Zyeha).
707 1412 877 1477 Praeterea
899 1413 1055 1477 rationem
1076 1411 1174 1475 habui
1191 1412 1442 1495 fragmentorum

271 1521 478 1604 epistularum
502 1521 594 1585 Pauli
619 1524 651 1585 et
673 1522 794 1604 primae
819 1520 974 1604 epistulae
997 1520 1191 1598 Iohannis1)
1222 1522 1255 1584 et
1284 1538 1445 1583 novorum

269 1628 521 1710 fragmentorum
545 1628 652 1711 Italae,
683 1649 766 1712 quae
789 1627 1009 1699 Wultffinusu
1034 1626 1141 1709 edidit,
1174 1646 1311 1709 quorum
1339 1631 1447 1691 textus

269 1735 459 1818 plerumque
482 1736 567 1801 idem
592 1739 641 1800 est
663 1742 758 1819 atque
782 1735 881 1800 Italae
906 1735 1087 1817 Augustini.

382 1861 433 1925 Ac
455 1862 557 1944 primo
581 1861 712 1943 quidem
736 1861 840 1944 capite
869 1864 901 1924 et
923 1858 1065 1925 secundo
1089 1878 1258 1944 exponam,
1289 1858 1447 1942 quomodo

271 1967 350 2031 Itala
372 1988 524 2052 persaepe
548 1988 644 2032 voces
668 1968 806 2033 Graecas
829 1973 861 2032 et
884 1967 1046 2050 simplices
1075 1971 1107 2032 et
1130 1967 1320 2051 compositas
1351 1986 1445 2031 accu-

271 2075 369 2138 ratius
391 2076 427 2138 in
450 2075 601 2139 Latinum
632 2078 825 2141 couverterit
856 2094 951 2158 quam
978 2074 1124 2158 Vulgata,
1154 2079 1190 2138 ut
1218 2093 1342 2138 summo
1373 2075 1444 2139 iure

271 2181 440 2246 verborum
466 2183 669 2248 tenacitatem
693 2183 763 2248 eius
787 2202 860 2247 cum
885 2182 1112 2265 perspicuitate
1135 2183 1313 2247 sentcntiae
1336 2180 1446 2246 laude·

271 2308 351 2370 mus,
383 2291 476 2354 tertio
510 2291 612 2372 capite
645 2290 684 2354 de
708 2312 729 2353 c
752 2291 909 2373 privativo
940 2309 1041 2372 agam,
1072 2293 1184 2372 quarto
1214 2288 1253 2353 de
1282 2287 1446 2353 vocabulis

271 2395 401 2460 Graecis
430 2416 495 2460 non
527 2396 696 2478 uanslatis,
727 2396 783 2461 sed
813 2397 953 2479 genuina
983 2399 1015 2460 et
1048 2397 1150 2479 patria
1173 2396 1279 2480 specie
1303 2396 1445 2475 servatis,

271 2504 382 2584 quinto
413 2504 452 2568 de
481 2503 615 2568 articulo
646 2503 776 2587 Graeco,
808 2507 899 2568 sexto
931 2503 971 2567 de
1000 2503 1167 2587 participio
1199 2503 1307 2567 coristi
1337 2503 1443 2584 activi,

271 2612 405 2694 septimo
438 2610 478 2675 de
508 2611 811 2694 interrogationibus
841 2611 988 2694 obliquis,
1022 2616 1133 2675 octavo
1166 2610 1206 2675 de
1236 2610 1331 2694 quod,
1361 2611 1445 2694 quia,

273 2720 426 2801 quoniam
450 2719 734 2784 coniunctionibus
758 2719 921 2783 disseram.

830 3106 882 3222 L

599 3375 663 3465 1.,
689 3374 753 3447 lle
776 3375 1118 3448 substantivis.

381 3558 534 3641 Magnum
577 3558 724 3641 inprimis
765 3558 913 3622 invenies
952 3577 1122 3622 numerum
1161 3556 1444 3638 substantivorum,

272 3686 354 3749 quae
383 3666 464 3729 Itala
495 3665 687 3748 etymologIa
717 3667 835 3750 optime
866 3668 991 3730 servata
1021 3665 1202 3729 accuratius
1233 3667 1265 3728 et
1295 3662 1444 3727 subtilius

272 3793 367 3857 quam
391 3773 529 3856 Vulgata
552 3774 757 3856 interpretata
780 3777 835 3838 est
874 3772 973 3836 Cuius
997 3773 1043 3837 rei
1068 3776 1153 3836 certe
1173 3771 1443 3854 operaepretium

271 3885 319 3946 est
342 3881 496 3963 exempla,
528 3880 667 3962 quaein
690 3879 780 3943 libris
804 3900 823 3943 a
845 3900 897 3944 me
920 3880 1074 3963 inspectis
1097 3878 1307 3962 reperiuntur,
1336 3878 1444 3941 omnia

271 4007 477 4072 componere:

379 4237 397 4305 ¹)
417 4235 634 4303 ltalafragmentc
657 4234 705 4287 der
723 4234 912 4289 Paulinischen
931 4234 1022 4289 Briefe
1047 4234 1126 4287 nebm
1142 4232 1345 4287 Bruchstiicken
1368 4231 1444 4286 einer

271 4324 597 4393 acrhieronymianiachen
616 4313 802 4392 Uberaetzung
819 4323 867 4377 des
890 4325 913 4376 1.
932 4322 1169 4390 Iohannisbriefes,
1189 4323 1229 4377 cd.
1245 4321 1356 4392 Ziegler,
1370 4320 1442 4375 Mar-

271 4416 345 4485 burg,
366 4416 443 4471 1876.

378 4522 398 4591 ²)
417 4523 495 4577 Neue
535 4520 718 4577 Bruchstiiclte
760 4521 809 4574 der
849 4520 1001 4588 Freisinger
1039 4520 1114 4587 Itala,
1156 4520 1196 4574 ed.
1240 4520 1270 4574 B.
1308 4516 1442 4586 Wtiliiliu,

270 4612 413 4680 Miincheu,
434 4611 511 4667 1893.
