3517 5175
758 351 982 429 -15..

397 661 471 729 Jam
496 665 535 729 od
555 668 748 750 pronomina
767 671 968 733 transeamus
987 689 1140 754 persaepe
1161 670 1200 734 ab
1216 671 1347 754 antiqua
1361 671 1459 738 inter-

284 773 461 854 pretatione
492 774 614 839 maiore
646 773 813 858 diligentia
844 775 978 858 reddita,
1007 782 1044 840 ut
1074 780 1185 842 auctor
1214 778 1277 859 (vel
1301 783 1458 862 auctores)

285 877 383 944 Italae
414 879 731 964 fragmentorumque
763 887 819 946 aut
850 903 987 948 casum
1020 890 1075 948 aut
1106 903 1318 951 numerum
1351 891 1459 953 textus

286 984 400 1052 Graeci
422 988 575 1054 retineret
597 993 653 1054 ant
675 990 953 1075 etymologiae
976 991 1091 1056 melius
1118 1012 1216 1074 quam
1238 993 1459 1079 Hieronymus

286 1093 474 1160 consuleret

395 1222 446 1286 Ac
479 1223 620 1307 primum
654 1223 785 1307 quidem
818 1226 854 1286 ut
888 1223 928 1289 de
961 1224 1204 1308 pronominibus
1237 1228 1458 1310 personalibus

286 1348 377 1412 agam
403 1328 587 1395 dativum
611 1331 771 1415 primae
791 1350 996 1415 personae
1026 1332 1155 1397 numeri
1185 1333 1357 1417 singularis
1380 1334 1461 1398 Itala

284 1437 418 1501 retinuit
439 1436 576 1522 Philipp.
601 1440 674 1522 2,16
698 1431 745 1514 εἰς
768 1432 920 1526 καύχημα
944 1436 1030 1522 ἐμοί,
1062 1439 1098 1503 It.
1123 1439 1164 1503 ad
1186 1438 1319 1524 gloriam
1342 1442 1458 1523 mibi,

286 1543 380 1627 Vulg.
404 1564 518 1627 meam,

395 1651 582 1716 dativum
612 1655 642 1716 2.
672 1672 774 1736 pers.
804 1654 904 1736 sing.
933 1652 1050 1737 Ephes.
1081 1656 1155 1736 5,14
1179 1650 1361 1741 ἐπιφαύσει
1391 1679 1456 1730 σοι,

284 1755 321 1822 lt
344 1757 551 1822 inluminabit
573 1758 669 1842 tibi,
694 1759 787 1843 Vulg.
811 1765 858 1840 te;

395 1864 537 1929 dativum
560 1886 617 1950 pro
641 1867 779 1932 dativo
804 1869 833 1930 3.
857 1886 959 1951 pers.
975 1868 1077 1950 sing.
1101 1861 1212 1955 αύτῷ
1233 1868 1358 1932 duobus
1378 1871 1457 1934 locis

284 1971 323 2035 ab
344 1972 425 2036 Itala
444 1974 682 2039 accuratissime
701 1976 888 2040 invenimus
908 1974 1077 2057 redditum,
1100 1973 1217 2056 quibus
1237 1974 1456 2058 Hieronymus

284 2080 405 2145 maiore
428 2080 638 2145 convertendi
660 2081 791 2147 licentia
815 2100 892 2145 usus
916 2086 979 2146 est:

394 2185 462 2251 sal.
478 2188 551 2268 2,13
569 2184 861 2274 συνυπεκρίθησαν
885 2180 984 2274 αύτῷ,
1005 2189 1042 2252 lt.
1062 2187 1210 2253 simulate
1226 2195 1459 2254 consenserunt

284 2294 363 2377 iili,
388 2293 480 2377 Vulg.
504 2293 702 2358 simulationi
725 2296 795 2360 eius
818 2300 1064 2375 consenserunt3

394 2402 423 2465 2.
455 2400 525 2465 Cor.
558 2404 631 2483 7,14
661 2397 698 2468 εἴ
720 2426 753 2466 τι
782 2395 870 2488 αύτῷ
900 2396 1110 2488 κεκαύχημαι,
1143 2403 1234 2485 frgm.
1258 2402 1295 2466 It.
1326 2405 1352 2466 si
1377 2405 1455 2486 quid

283 2506 350 2570 illi
372 2507 525 2592 gloriatin
543 2528 624 2592 sum,
648 2507 742 2592 Vulg.
765 2510 792 2571 si
816 2509 894 2591 quid
917 2509 1001 2594 apud
1026 2509 1116 2572 illum
1140 2510 1292 2593 gloriatus
1315 2530 1400 2591 sum;

393 2617 633 2699 genetivum
668 2618 698 2680 3.
731 2636 814 2701 pers.
848 2618 930 2700 plur.
965 2616 1045 2680 Itala
1080 2619 1183 2682 tonuit
1219 2620 1245 2681 1.
1279 2618 1348 2683 Cor.
1383 2620 1454 2702 roy

283 2714 399 2800 καθιύς
420 2748 506 2801 τινες
529 2713 646 2799 αύιιῦν,
671 2722 709 2787 It
733 2725 816 2788 sicut
839 2725 968 2805 quidam
985 2723 1171 2807 illorum,
1188 2725 1282 2809 Vulg.
1303 2746 1345 2790 ex
1360 2727 1454 2810 ipsis3

394 2828 532 2894 dativi
555 2831 585 2894 2.
607 2850 690 2914 pers.
713 2831 794 2914 plur.
818 2830 902 2895 bene
925 2833 1042 2896 servati
1065 2831 1129 2894 duo
1153 2831 1267 2914 collegi
1291 2835 1454 2917 exempla:

395 2940 421 3001 l.
447 2936 516 3001 Cor.
542 2938 637 3020 10,28
661 2935 718 3003 ἐὰν
741 2937 780 3004 δέ
800 2962 851 3017 τις
879 2932 956 3022 ύμῖν
988 2934 1079 3024 stirp,
1113 2938 1151 3003 It
1184 2940 1210 3002 si
1242 2940 1315 3021 quis
1347 2944 1454 3004 autem

282 3042 397 3107 vobis
420 3043 547 3126 dixerit,
570 3043 665 3127 Vulg.
689 3044 796 3108 dativo
819 3046 953 3109 omisso:
978 3046 1005 3108 si
1029 3046 1102 3126 quis
1126 3050 1233 3109 autem
1257 3046 1390 3127 dixerit3

392 3152 422 3215 2.
453 3150 522 3215 (lor.
555 3152 648 3234 12,19
672 3145 750 3232 ύμῖν
773 3145 1047 3235 ἀπολογούμεθα,
1078 3152 1170 3235 frgm.
1194 3151 1230 3215 It
1261 3172 1454 3219 excusamus

282 3276 341 3320 nos
363 3257 496 3341 vobis,
518 3258 614 3342 Vulg.
637 3277 830 3324 excusemus
853 3277 911 3320 nos
935 3257 1019 3341 apud
1044 3278 1116 3338 vos;

393 3364 557 3428 dativus
580 3367 610 3429 3.
632 3385 732 3450 pers.
755 3365 855 3449 plur.
880 3368 986 3429 exstat
1008 3366 1079 3430 Act
1103 3385 1151 3450 ap.
1180 3366 1249 3444 1‚10
1270 3361 1452 3454 παρεισιή-

281 3492 394 3536 κεισαν
417 3464 539 3548 αι’ποῖς,
565 3472 602 3536 It.
626 3472 773 3537 astabant
794 3472 902 3554 illis,
922 3471 1015 3555 Vulg.
1040 3471 1232 3537 adstiterunt
1253 3473 1347 3536 iuxta
1365 3472 1450 3553 illos3

392 3580 630 3643 accusativi
670 3583 697 3643 1.
729 3598 830 3663 pers.
862 3580 964 3663 plur.
1007 3578 1177 3663 diligenter
1210 3580 1353 3644 translati
1391 3580 1453 3645 hoc

282 3683 380 3749 babes
403 3686 600 3770 exemplum:

391 3791 506 3877 Ephes.
543 3795 593 3875 l,8
628 3778 667 3881 ἧς
701 3789 936 3879 ἐπερίσσευσεν
968 3789 1015 3871 εἷς
1047 3787 1143 3880 ἡμᾶς,
1178 3813 1261 3858 nova
1289 3794 1381 3877 frgm.
1414 3792 1450 3858 It

281 3917 362 3979 quae
382 3900 523 3964 abundat
545 3901 586 3963 in
608 3920 694 3982 nos,
719 3900 812 3984 Vulg.
836 3920 919 3982 quae
942 3899 1216 3984 superabundavit
1237 3901 1271 3963 in
1295 3900 1397 3963 nobis.

391 4024 581 4090 Numerus
597 4027 626 4089 3.
642 4044 723 4109 pers.
738 4025 819 4109 plur.
835 4025 873 4088 ab
897 4025 977 4089 Itala
994 4026 1078 4091 bene
1097 4030 1242 4090 servatur
1262 4028 1289 4088 1.
1307 4024 1379 4089 Job.
1398 4027 1450 4105 4,4

281 4126 466 4217 νενικήκατε
490 4124 619 4212 αύτούς,
644 4133 682 4196 It
704 4133 826 4197 vicistis
849 4152 932 4216 eos,
955 4132 1050 4216 Vulg.
1074 4152 1157 4197 eum.

370 4258 399 4320 2.
434 4256 503 4322 Gor.
539 4259 611 4340 r,12
646 4258 777 4342 plurimi
809 4258 937 4323 codices
971 4257 1086 4322 Graeci
1121 4259 1214 4339 eique
1247 4257 1358 4340 optimi
1392 4252 1452 4344 τὴν

281 4358 431 4451 σπουδὴν
442 4359 533 4447 ὑμῶν
548 4360 606 4452 τὴν
621 4359 707 4454 ύπὲρ
720 4358 811 4453 ἡμῶν
823 4362 909 4449 πρὸς
920 4356 1005 4445 ὑμᾶς
1025 4364 1221 4445 exhibent,
1240 4383 1336 4446 quae
1355 4362 1450 4428 verba

280 4470 458 4553 fragmenta
480 4472 579 4538 Italae
603 4472 709 4538 verbis
735 4473 942 4536 »industriam
967 4478 1103 4537 vestram
1125 4492 1182 4556 pro
1201 4471 1295 4535 nobis
1313 4471 1352 4535 ad
1373 4489 1447 4534 vos«

281 4576 363 4643 bene
385 4579 603 4664 reddiderunt,
632 4580 861 4645 nonnullorum
884 4585 992 4645 autem
1015 4579 1163 4644 codicum
1186 4578 1300 4644 litteris
1328 4579 1450 4641 minus-
