3517 5175
731 349 858 460 ...17
908 399 951 415 ..

366 543 583 611 Numerum
614 548 870 630 pronominis
900 547 1070 612 relativi
1101 547 1140 611 ab
1163 549 1424 633 interpretatione

259 655 427 718 vetustiore
450 653 534 718 bene
558 656 714 718 retentum
739 654 789 717 his
812 654 949 737 legimus
971 654 1066 719 loeis:

367 759 433 824 Gal.
459 762 508 843 6,8
530 750 551 823 ὃ
570 756 633 847 γὰρ
653 757 712 825 ἐὰν
731 756 854 847 σπείρῃ
875 751 1068 849 ἅνθρωπος,
1093 766 1190 828 τοῦτο
1212 762 1268 829 καὶ
1284 758 1425 850 θερίσει,

257 887 340 932 nova
369 868 461 950 irgm.
491 867 528 931 It.
559 866 665 950 quod
696 868 781 932 enim
812 868 1019 933 seminaverit
1047 869 1151 951 home,
1183 869 1244 934 hoo
1267 873 1299 934 et
1322 875 1428 953 metet,

257 975 352 1057 Vulg.
375 994 458 1057 quae
482 1024 614 1055 .....
637 975 717 1039 haee
741 980 799 1041 eto.

367 1081 443 1147 Luo.
469 1082 562 1165 12,12
587 1070 610 1148 ii
632 1081 685 1147 δεῖ
708 1077 824 1157 εἰπεῖν,
849 1082 887 1146 It
912 1102 1014 1164 quae
1034 1087 1177 1167 oporteat
1195 1084 1310 1167 dicere,
1333 1083 1428 1167 Vulg.

258 1188 335 1271 quid
359 1193 417 1254 eto.

367 1297 437 1360 Aet
468 1316 516 1380 ap.
550 1297 642 1379 10,15
674 1283 697 1360 i?
726 1287 745 1360 ὁ
776 1294 859 1374 θεὸς
894 1291 1105 1383 ἐκαθάρισεν,
1141 1297 1178 1361 It.
1213 1317 1316 1380 quae
1350 1297 1429 1364 deus

259 1403 432 1486 mundavit,
455 1403 550 1488 Vulg.
574 1402 659 1486 quod
683 1407 740 1468 eto.

367 1511 397 1575 2.
421 1511 504 1576 Petr.
530 1512 579 1594 1,4
603 1503 637 1575 di
660 1497 714 1583 ὧν,
739 1510 776 1574 It.
799 1530 858 1594 per
880 1530 1001 1593 quae,
1024 1510 1119 1593 Vulg.
1142 1531 1200 1596 per
1223 1532 1327 1595 quem.

369 1635 543 1701 Generis
581 1635 760 1700 eiusdem
803 1635 1062 1719 pronominis
1108 1635 1220 1699 Italam
1266 1637 1427 1701 interdum

258 1743 442 1826 diligentius
464 1745 618 1808 rationem
643 1742 792 1807 habuisse
816 1743 895 1808 haee
918 1742 1066 1827 exempla
1089 1742 1311 1827 eomprobant:

367 1849 444 1915 Luc.
469 1852 538 1931 12,1
566 1843 637 1937 ἥτις
659 1845 747 1915 ἐστὶν
770 1842 956 1934 ὑπόκρισις,
983 1848 1018 1913 lt.
1043 1855 1216 1932 quaeest
1242 1850 1429 1934 hypocrisis,

259 1958 351 2041 Vulg.
376 1957 461 2039 quod
485 1961 544 2022 etc.

367 2064 440 2128 Joh.
473 2065 546 2146 835
580 2057 600 2127 ὅ
631 2085 664 2128 τι
696 2063 751 2130 καὶ
784 2061 884 2136 λαλῶ,
918 2062 955 2127 It.
986 2063 1097 2146 quod
1129 2068 1162 2129 et
1190 2064 1310 2148 loquor,
1334 2064 1428 2148 Vulg.

259 2173 313 2254 qui
337 2175 396 2236 eto.

368 2278 537 2343 Praeterea
566 2279 596 2341 2.
627 2277 696 2341 Gor.
721 2279 793 2360 8,12
816 2297 874 2361 pro
897 2275 986 2342 καθά
1009 2277 1048 2341 ab
1072 2277 1152 2342 Itala
1174 2278 1324 2343 subtilius
1349 2299 1429 2345 ›se-

258 2385 433 2451 eundum
455 2385 579 2467 quod«
604 2384 724 2449 dictum
745 2404 814 2449 esse
835 2404 931 2467 quam
948 2383 986 2448 ab
1005 2383 1207 2469 Hieronymo
1230 2386 1427 2451 »seeundum

257 2492 291 2556 id
315 2493 419 2576 quod«
444 2492 530 2555 haud
553 2492 773 2576 negaverim·

369 2618 572 2682 Numerus
601 2619 865 2703 pronominis
894 2617 1113 2682 indefiniti
1137 2619 1255 2702 optime
1280 2619 1328 2683 his
1350 2621 1429 2684 locis

259 2729 419 2790 servatur:

370 2834 441 2898 Aet.
458 2854 506 2917 ap.
523 2834 574 2913 2,3
591 2825 644 2919 ἐφ’
667 2831 722 2898 ἕνα
744 2828 891 2906 ἕκαστον,
916 2832 954 2896 It.
970 2852 1065 2916 super
1089 2852 1429 2917 unumquemque,

261 2938 353 3022 Vulg.
377 2960 472 3024 super
494 2940 651 3022 singulos3

371 3049 398 3111 1.
423 3047 493 3111 Gor.
517 3050 567 3130 4,5
591 3043 637 3135 μὴ
653 3091 661 3107 .
680 3091 688 3107 .
708 3096 713 3108 .
733 3094 741 3110 .
765 3071 799 3112 τι
820 3041 955 3131 κρίνετε,
977 3046 1015 3111 lt.
1036 3046 1134 3112 nolite
1155 3047 1299 3112 iudicare
1315 3049 1429 3129 quio-

259 3173 394 3237 quam,
418 3154 512 3239 Vulg.
535 3154 635 3219 nolite
657 3153 809 3219 iudicare.

369 3260 531 3327 Postremo
563 3282 620 3346 pro
653 3256 728 3325 ὅσοι
760 3260 849 3325 Rom.
883 3261 957 3342 8,14
990 3266 1022 3325 et
1051 3260 1118 3325 Gal.
1150 3263 1222 3343 3,27
1253 3263 1372 3326 rectius
1394 3262 1429 3324 in

259 3367 339 3432 Itala
363 3374 605 3452 »quotquot«
640 3367 756 3451 legitur
786 3388 882 3450 quarn
911 3369 946 3431 in
971 3367 1108 3451 Vulgata
1141 3370 1363 3450 »quicunque«
1398 3373 1431 3433 et

257 3495 314 3559 pro
337 3470 393 3537 τὸν
416 3470 528 3562 ἕτερον
550 3475 640 3540 Rom.
665 3477 737 3556 13,8
760 3475 847 3539 illam
872 3475 1056 3558 diligentius
1089 3475 1306 3539 »alterum«
1333 3494 1427 3557 quam

259 3583 342 3647 hano
368 3583 589 3666 »proximum«
616 3582 794 3648 reddidisse
818 3586 962 3666 apertum
986 3586 1041 3647 est

662 3774 725 3865 Ε.,
750 3774 814 3845 lle
838 3774 1020 3845 ver-bis.

373 3903 414 3969 Ut
450 3904 484 3966 in
519 3902 734 3985 substantivis,
772 3903 947 3985 adieetivis,
982 3902 1151 3986 adverbiis,
1185 3902 1428 3986 pronominibus

259 4011 481 4076 convertendis
504 4010 673 4076 verborum
689 4010 892 4075 tenacitatem
912 4008 1011 4074 Italae
1032 4008 1243 4093 laudavimus,
1266 4011 1311 4072 ita
1330 4008 1428 4073 verba

259 4137 386 4200 quoque
424 4118 581 4202 permulta
616 4117 808 4199 invenimus,
847 4136 982 4200 quorum
1018 4120 1074 4179 aut
1113 4115 1338 4199 etymologiam
1374 4121 1429 4180 aut

259 4244 360 4308 genus
383 4230 438 4289 aut
459 4225 589 4289 modum
612 4225 829 4307 interpretatio
853 4224 908 4288 illa
932 4224 1048 4308 optime
1072 4224 1218 4289 servavit.

370 4350 512 4414 Primum
536 4351 634 4432 igitur
654 4349 693 4415 de
715 4351 760 4414 eis
776 4349 881 4413 verbis
902 4368 1041 4431 agamus,
1063 4368 1198 4431 quorum
1215 4349 1426 4430 etymologiae

259 4456 340 4522 bene
375 4457 555 4522 consultum
589 4457 743 4538 videmus,
776 4456 868 4521 euius
904 4456 951 4520 rei
988 4456 1246 4538 frequentissima
1280 4454 1428 4538 exempla

260 4568 394 4628 exstant.

1268 4666 1284 4719 2
