3517 5175
832 393 1054 455 ..44-

468 568 545 634 Luc.
570 570 664 651 1632
688 560 860 634 ἇπέθανεν
883 570 920 637 δὲ
943 570 998 637 καὶ
1022 565 1040 636 ὁ
1064 563 1224 648 πλοόσιος
1254 567 1309 634 καί
1340 563 1457 656 ἐτάφη,
1489 569 1526 634 It

360 725 367 740 .
390 726 398 740 .
421 726 428 740 .
452 680 485 742 et
506 677 650 761 sepultus
672 681 728 758 est
752 676 845 760 Vulg.
869 684 901 742 et
923 677 1065 761 sepultus
1088 679 1192 742 estin
1216 679 1394 743 inferno.

468 802 540 867 Act.
578 821 626 886 ap.
658 804 709 880 2,4
747 799 863 880 καθώς
900 797 938 865 τὸ
976 802 1105 882 πνεῦμα
1141 799 1264 874 ἐδίδου,
1300 803 1339 867 It.
1369 802 1526 885 quomodo

359 908 489 993 spiritus
512 908 615 990 dabat,
637 908 731 992 Vulg.
755 912 849 992 prout
871 909 1006 992 Spiritus
1029 913 1202 974 sauctus
1224 909 1332 990 dabat3
1364 909 1449 974 idem
1474 909 1528 973 ad·

359 1017 511 1080 icctivum
536 1015 664 1080 additur
685 1015 775 1080 Rom.
801 1017 894 1097 15‚30
918 1022 950 1081 et
972 1016 1052 1100 Eph.
1077 1018 1167 1098 5,1s;

471 1125 499 1187 1.
522 1122 592 1188 Gor.
618 1125 689 1204 7,13
713 1118 791 1210 γυνὴ
814 1118 851 1189 εί
867 1145 918 1199 τις
941 1117 1008 1202 ἔχει
1031 1113 1137 1206 όίνδρα
1161 1113 1314 1188 όπιστον.
1339 1123 1377 1187 It.
1408 1124 1435 1187 si
1466 1143 1530 1206 qua

360 1229 476 1294 mulier
497 1229 594 1295 habet
615 1232 720 1294 virum
743 1230 917 1312 infidelem,
937 1230 1030 1313 vulg.
1054 1231 1081 1294 si
1100 1249 1163 1312 qua
1181 1228 1296 1295 mulier
1312 1231 1452 1295 fidelis
1470 1234 1528 1295 etc.

474 1336 584 1401 Matth.
619 1339 712 1420 2537
745 1333 828 1402 πότε
858 1359 896 1402 σε
925 1333 1057 1418 είδομεν
1084 1382 1092 1397 .
1119 1386 1126 1400 .
1153 1385 1162 1399 .
1188 1385 1196 1400 .
1227 1334 1283 1401 καὶ
1313 1332 1528 1422 ἐθρίφαμενς

360 1445 398 1509 rt.
435 1444 562 1527 quando
600 1448 632 1510 te
669 1445 809 1508 vidimus
842 1494 849 1508 .
882 1495 889 1508 .
920 1495 927 1507 .
966 1449 998 1509 et
1035 1445 1205 1528 pavimus?
1251 1444 1344 1526 vulg.
1375 1495 1382 1507 .
1415 1495 1422 1507 .
1453 1493 1460 1507 .
1498 1450 1530 1508 et

360 1552 506 1635 pavimus
528 1552 592 1618 te?

470 1658 585 1743 Ephes
610 1660 662 1741 6,4
685 1658 741 1726 καί
765 1656 796 1724 οἳ
820 1658 972 1746 πατέρες,
991 1656 1037 1745 μὴ
1058 1653 1284 1744 παροργίζετε,
1310 1658 1347 1722 It
1366 1662 1399 1723 et
1416 1663 1530 1743 patres,

359 1765 456 1831 nolite
488 1767 528 1831 ad
560 1766 760 1831 iracundiam
791 1786 973 1850 provocare,
1004 1766 1097 1848 Vulg.
1131 1773 1163 1831 et
1194 1786 1280 1848 roa,
1312 1771 1417 1850 patres
1454 1769 1529 1845 etc.;

363 1893 456 1937 ›vas‹
484 1872 577 1958 vulg.
602 1875 697 1939 etiam
720 1873 835 1958 pres
860 1875 911 1954 6,9
935 1874 1060 1938 adiecit

470 1997 606 2082 Philipp.
640 2000 713 2082 2,23
745 2000 862 2064 τοῦτον
886 2048 893 2063 .
920 2045 928 2060 .
955 2048 962 2062 .
989 2048 997 2062 .
1033 1995 1158 2077 δλπίζω
1191 1996 1338 2080 πέμψαι,
1373 1997 1410 2060 It
1442 1996 1531 2061 hunc

360 2154 368 2171 .
392 2155 399 2169 .
423 2155 430 2169 .
454 2156 461 2170 .
485 2126 576 2190 spero
598 2126 651 2171 me
675 2108 810 2188 mittere,
832 2106 920 2188 Vulg
921 2155 1052 2170 .....
1075 2107 1201 2169 mittere
1224 2103 1271 2168 ad
1294 2124 1382 2178 v0s;

472 2212 569 2278 Hebr.
596 2215 665 2295 13,1
691 2205 710 2299 ἦ
734 2208 944 2298 φιλαδελφία
966 2209 1100 2294 μενέτω,
1126 2212 1163 2275 It.
1187 2212 1303 2276 caritas
1325 2211 1531 2276 fraternitatis

361 2326 496 2403 mancat,
521 2320 615 2404 Vutg.
634 2324 760 2385 maneat
782 2321 822 2383 iu
849 2320 972 2383 rubis.

471 2447 499 2509 2.
531 2444 600 2509 Cor.
632 2445 725 2525 12‚10
757 2435 884 2510 εὐδοκῶ
908 2442 942 2509 ἐν
965 2435 1168 2521 ἀσθενείαις,
1199 2443 1236 2507 It
1260 2443 1369 2527 placeo
1394 2442 1472 2505 mihi
1495 2442 1531 2505 in

363 2552 612 2635 infirmitatibus
636 2551 730 2636 Vulg.
754 2551 839 2616 τάδε
865 2552 962 2631 meis3

472 2663 501 2724 2.
526 2659 596 2725 Gor.
619 2661 670 2742 4‚5
697 2657 841 2743 Χριστὸν
861 2651 988 2745 Ἰησοῦν
1010 2655 1133 2742 κόριον.
1165 2658 1202 2722 It
1225 2658 1338 2722 Jesum
1369 2657 1531 2723 Christum

362 2767 538 2848 dominum,
562 2766 656 2849 Vulg.
680 2817 687 2830 .
712 2816 719 2830 .
743 2817 750 2831 .
773 2767 940 2829 dominum
964 2771 1160 2829 nostrum.

472 2895 501 2956 2.
532 2890 601 2956 Gor.
633 2894 705 2974 1,18
736 2886 855 2967 πιστός
886 2883 904 2952 ό
934 2886 1017 2967 θεὸς
1047 2884 1098 2954 ὅτι
1125 2882 1144 2954 ὃ
1168 2885 1265 2975 λόγος
1289 2882 1379 2977 ημῶν
1402 2880 1421 2952 ὁ
1445 2886 1534 2976 πρὸς

362 2991 450 3081 ὑμᾶς
472 2991 532 3065 οὐκ
554 2990 643 3064 ἔστιν
665 2997 719 3064 ναὶ
741 2995 797 3061 καί
820 2989 870 3064 cii.
902 2998 1012 3080 fragm.
1036 2996 1073 3061 lt
1098 3047 1104 3060 .
1129 3047 1135 3060 .
1160 3047 1166 3060 .
1190 2997 1265 3079 quia
1288 3016 1392 3062 sermo
1415 3002 1532 3079 noster,

364 3106 419 3187 qui
451 3106 491 3169 ad
523 3125 589 3188 vos,
621 3125 687 3170 non
721 3112 769 3170 est
801 3106 895 3170 etiarn
920 3109 953 3170 et
974 3123 1048 3187 non,
1074 3104 1167 3187 Vulg.
1191 3154 1197 3166 .
1283 3105 1339 3186 qui
1361 3104 1425 3167 fuit
1447 3103 1532 3187 apud

362 3231 428 3295 vos,
450 3232 516 3277 non
539 3214 651 3277 estin
674 3212 751 3277 illo
776 3217 823 3277 est
845 3217 877 3276 et
899 3231 981 3289 n0n3

475 3322 502 3383 1.
532 3319 638 3385 Thess
671 3321 744 3401 2,13
778 3315 941 3396 ἐδέξασθε
974 3309 1012 3382 οδ
1045 3311 1143 3403 λόγον
1176 3309 1376 3405 ἀνθρώπων,
1410 3317 1448 3381 It.
1480 3337 1534 3382 ac-

363 3428 492 3510 cepistis
515 3446 580 3490 uon
604 3427 734 3492 verbum
759 3427 935 3508 hominum,
959 3424 1052 3510 Vulg.
1082 3425 1250 3508 accepistis
1272 3424 1381 3488 illud
1404 3444 1470 3490 non
1497 3428 1535 3488 ut

363 3533 498 3599 verbum
521 3539 580 3599 etc.

476 3639 553 3704 Luc.
579 3642 672 3722 12,42
696 3640 756 3704 τοῦ
779 3638 918 3712 διδόναι,
944 3639 980 3704 It.
1011 3643 1047 3702 ut
1077 3638 1138 3718 det
1162 3637 1256 3722 Vuig.
1286 3642 1322 3701 ut
1352 3638 1407 3704 det
1434 3638 1533 3719 illis3

473 3747 571 3812 Hebr.
592 3749 663 3829 12,9
684 3743 832 3833 πατέρας
850 3742 980 3828 εἴχομεν
999 3740 1182 3820 παιδευτδς
1201 3743 1256 3810 καὶ
1272 3737 1533 3828 ἐνετρεπόμεθα,

364 3855 402 3919 It.
439 3859 544 3938 patres
574 3904 581 3918 .
612 3904 618 3918 .
651 3853 821 3917 habuimus
856 3853 1031 3918 eruditores
1070 3858 1102 3917 et
1140 3851 1335 3934 verebamur,
1365 3850 1458 3934 Vulg.
1489 3899 1496 3914 .
1526 3900 1534 3913 .

365 3961 540 4026 eruditores
562 3960 742 4043 habuimus
766 3965 798 4026 et
819 3960 1009 4026 verebamur
1032 3979 1116 4039 eos3

475 4067 573 4134 Hebr.
602 4069 674 4151 13,9
705 4063 739 4132 e
769 4059 819 4145 οἷς
850 4059 910 4132 οὐκ
940 4058 1168 4154 ὠφελήθησαν
1200 4062 1232 4132 οὶ
1261 4066 1532 4151 περιπατοῦντες,

365 4175 403 4240 It.
427 4195 509 4258 quae
531 4194 597 4239 non
620 4175 809 4259 profuerunt
831 4173 1076 4255 ambulantibus
1101 4174 1193 4256 Vulg.
1217 4172 1303 4236 adu:
1328 4172 1367 4234 in
1393 4171 1462 4235 eis.

480 4285 508 4346 1.
540 4281 611 4346 Jch.
646 4283 718 4346 nia
750 4272 789 4343 οὐ
819 4279 898 4367 περὶ
921 4276 1045 4366 ἐκείνης
1067 4276 1152 4364 λέγω
1174 4274 1229 4342 ἵνα
1252 4271 1413 4365 ἐρωτήσῃ,
1438 4276 1475 4340 It
1498 4280 1537 4339 ut

366 4396 464 4474 roget
488 4388 581 4473 Vulg.
604 4395 640 4453 ut
661 4396 751 4472 roget
774 4390 875 4471 quis.

455 4496 564 4561 Matth.
596 4497 690 4578 15,10
720 4487 1030 4579 προςκαλεσόμενος
1059 4490 1117 4556 τὸν
1139 4483 1237 4572 όχλον
1261 4482 1363 4565 εἶπεν,
1397 4490 1433 4555 It,
1458 4510 1535 4556 con-

367 4605 488 4670 vocatis
510 4603 611 4668 turbis
633 4605 686 4687 ait,
710 4603 803 4687 Vulg.
827 4603 1010 4668 convocatis
1033 4602 1074 4665 ad
1096 4621 1138 4667 se
1161 4600 1270 4666 barbis
