3517 5175
687 387 908 451 ..49-

345 566 419 648 Jaru
456 567 490 630 in
529 572 666 650 utraque
703 568 966 652 interpretatione
1008 568 1153 652 seligere,
1187 587 1384 654 permanere,

214 672 358 754 induere,
387 673 596 739 benedicere«
629 674 714 740 idern
740 675 902 740 declarant
924 675 1046 758 Latine,
1076 675 1162 758 qrrod
1184 676 1300 761 Ephes.
1326 679 1385 760 1,4.

216 782 243 844 1.
277 779 345 845 Cer.
379 784 460 861 128.
508 785 535 846 l.
566 782 645 846 Tim.
678 785 749 865 5,2l
784 778 990 866 ἐκλέγεσθαι,
1024 783 1090 848 Gal.
1122 785 1195 866 3,10
1224 779 1384 865 ἐμμένειν,

215 887 282 951 Gal.
315 890 386 969 327
421 884 609 960 ἐνδύεσθαι,
645 890 712 953 Gal.
746 890 805 971 3,8.
852 888 967 973 Ephes.
1001 892 1048 974 1,3
1080 881 1236 975 εὐλογεῖν.
1286 891 1386 955 Parti-

214 996 334 1079 eipium
367 991 409 1059 τὰ
441 993 684 1081 ἐξουθενημένα
721 999 748 1060 1.
783 996 853 1060 Cor.
886 998 958 1078 1,28
989 998 1028 1061 ab
1058 998 1258 1081 Hieronymo
1289 1003 1321 1064 et
1350 1001 1385 1063 in

213 1104 401 1187 fragmentis
423 1103 461 1167 It.
485 1102 524 1167 ad
548 1106 738 1168 sententiam
770 1104 927 1169 adieetivo
960 1105 1250 1189 »contemptibilia«
1285 1111 1386 1172 trans·

213 1213 329 1292 fertum
368 1231 424 1295 pre
462 1210 568 1275 verbis
606 1207 853 1276 ἐπακολουθεῖν
893 1213 920 1275 1.
957 1212 1036 1276 Tim.
1075 1215 1147 1296 5,24
1183 1219 1215 1278 et
1252 1210 1386 1279 ἐπιδια-

212 1314 400 1384 τάσσεσέιαι
434 1317 501 1381 Gal.
535 1320 607 1400 3,15
639 1318 675 1381 in
709 1316 829 1382 eisdem
858 1317 949 1383 libris
979 1324 1010 1385 et
1039 1322 1075 1383 in
1098 1321 1190 1384 novis
1213 1320 1325 1404 fragm.
1348 1320 1387 1384 It.

217 1425 406 1507 ›subsequi‹
439 1430 470 1491 et
500 1425 782 1510 »superordinaret
809 1426 967 1509 leguntur,
996 1446 1132 1509 quornm
1156 1427 1292 1492 alterum
1316 1446 1386 1491 ver-

213 1533 291 1596 bnm
321 1554 340 1596 a
369 1533 575 1616 scriptoribus
605 1533 829 1598 ecelesiasticis
859 1535 1029 1598 formatum
1058 1553 1127 1599 esse
1150 1535 1214 1598 iam
1237 1534 1386 1600 Ruenseh

214 1639 444 1705 demonstravit
455 1643 487 1723 1).
1039 1642 1042 1648 ’

324 1783 386 1849 Pro
418 1777 726 1868 ἑτεροδιδασκαλεῖν
757 1785 785 1847 l.
814 1784 893 1847 Tim.
923 1787 982 1869 6,3,
1008 1784 1185 1866 ζωοποιεῖν
1207 1785 1279 1849 Joh.
1304 1786 1387 1868 6,63.

216 1892 244 1954 1.
283 1890 352 1955 Cer.
397 1892 575 1972 15,22.45.
633 1892 662 1953 2.
707 1889 778 1955 Cor.
824 1892 885 1973 3,6,
923 1890 1144 1970 συζιοοποιεῖν
1180 1891 1296 1975 Ephes
1335 1894 1386 1974 2,5

215 1998 354 2081 Vulgata
376 2003 408 2063 et
429 1999 607 2081 fragmenta
629 1996 728 2062 Italae
754 1998 866 2063 »aliter
889 2000 1012 2079 decere,
1039 1998 1214 2081 vivificare,
1245 1999 1387 2063 convivi-

214 2106 333 2170 ficare«
367 2105 530 2187 exhibent,
560 2105 677 2187 quibus
705 2105 786 2170 haee
808 2105 965 2170 adicimus
988 2104 1086 2169 verba
1109 2105 1149 2171 de
1171 2106 1274 2171 isdem
1291 2105 1388 2169 ,tibris

215 2212 417 2297 deprompta:

326 2337 555 2424 καταγγέλλειν
580 2341 607 2401 1.
632 2336 702 2400 Cer.
727 2339 787 2418 2,1.
832 2335 970 2420 Philipp.
996 2339 1066 2419 1,17
1093 2367 1134 2391 =
1159 2338 1359 2420 adnuntiare,

324 2441 675 2531 μετασχηματίζεσθαι
697 2446 726 2507 2.
750 2443 818 2508 Cur.
845 2446 938 2525 11,13
964 2473 1006 2497 =
1030 2464 1065 2509 se
1088 2446 1325 2528 transfigurare,

326 2547 580 2640 προετοιμάζετο
602 2551 719 2635 Epiros,
743 2552 815 2633 2‚10
840 2570 1102 2636 :praeparare

327 2656 667 2746 προευαγγελίζεσθαι
691 2659 758 2723 Gal.
783 2660 833 2740 3,8
857 2688 900 2713 =
923 2661 1158 2742 praenuntiare,

327 2774 477 2853 προορᾶν
501 2766 568 2830 Gal.
593 2769 644 2850 3,8
668 2797 710 2821 z
734 2766 911 2851 providere,

327 2873 518 2963 προορίζειυ
540 2874 656 2958 Ephes
683 2876 731 2955 l,5
756 2903 797 2927 =
822 2874 1068 2957 praedestinare,

326 2987 491 3067 συνεργεῖν
506 2982 595 3046 Rem.
620 2983 702 3063 838.
751 2984 778 3045 1.
802 2981 872 3044 Cor:
898 2982 993 3064 16,16
1018 3010 1059 3034 =
1084 2984 1256 3065 cooperari,

327 3082 567 3174 ὺπερεκτείνειν
591 3091 619 3152 2.
644 3088 713 3152 Car.
739 3090 833 3170 10,14
858 3117 900 3141 z
925 3087 1207 3172 superextendere,

328 3188 608 3280 ὑπερτιλεονάζειν
633 3198 661 3259 1.
684 3195 762 3259 Tim.
789 3198 860 3277 1,14
885 3225 927 3249 --
952 3195 1222 3278 superabundare,

328 3302 611 3388 συγκεκλεισμένοι
635 3303 702 3367 Gal.
726 3304 799 3385 333
825 3332 866 3356 z
892 3303 1044 3367 eenelnsi.

307 3427 428 3504 Quibus
458 3427 605 3491 omnibus
636 3428 741 3492 verbis
772 3448 826 3492 ees
856 3429 952 3493 liceat
980 3428 1191 3492 adnumerare
1214 3427 1300 3492 luens
1324 3447 1389 3492 me·

215 3536 319 3598 moria
342 3535 465 3618 dignes,
495 3535 610 3617 quibus
641 3536 778 3619 Vulgata
808 3540 840 3600 et
870 3535 950 3599 Itala
980 3534 1110 3619 S'peenli
1139 3536 1222 3600 inter
1248 3555 1283 3600 se
1313 3554 1389 3599 eon-

215 3644 379 3706 sentiunt:

323 3760 650 3853 Ἀναμιμνήσκεσθαι
673 3766 771 3832 Hebr.
799 3769 892 3849 10,32
917 3796 959 3821 =
983 3769 1198 3849 rememorari,

329 3870 587 3940 έκδαπανᾶσθαι
610 3876 639 3938 2.
663 3874 732 3938 Cor.
758 3876 852 3955 12,15
877 3904 920 3928 z
944 3875 1193 3958 superimpendi,

329 3977 538 4063 παρειςδύειν
560 3980 634 4045 Jud.
658 3984 678 4044 4
702 4011 744 4035 =
768 3981 971 4064 subintroire,

329 4086 565 4174 παρειςφέρειν
588 4091 616 4151 2.
641 4088 722 4153 Petr.
749 4091 798 4171 l,5
823 4119 865 4143 =
889 4088 1078 4171 subinferre,

330 4190 540 4275 συνδοξάζειν
562 4196 651 4261 Rem.
676 4198 747 4277 8,17
775 4226 816 4250 =
841 4196 1093 4280 conglorificare,

330 4299 517 4389 συγχαίρειν
541 4305 568 4366 l.
598 4303 667 4367 Cor.
700 4304 794 4385 1226
825 4334 866 4357 --
898 4304 1109 4388 congaudere,
1144 4302 1281 4387 Philipp.
1315 4303 1387 4385 2,17

219 4411 441 4494 congratulari,
723 4420 725 4423 ’

327 4625 347 4695 ¹)
366 4625 383 4679 1.
402 4640 424 4677 c.
444 4639 501 4693 pag.
521 4623 582 4677 201.
