3517 5175
822 370 1042 432 ...42-

879 544 981 601 Itale.
1252 544 1409 614 Vulgata„

445 636 525 702 Apoo.
545 635 614 700 3,]6.

348 714 411 777 οὔτε
428 720 517 784 ζεστὸς
535 715 597 777 οὔτε
617 719 722 797 ψυχρός
748 740 834 793 neque
853 723 954 778 oalidus
968 741 1054 793 neque
1070 724 1118 776 tn'-
1148 741 1196 778 nec
1214 723 1327 792 frigidus
1347 740 1395 776 nec
1409 722 1516 778 calidus,

348 811 508 882 (Tisehend.;
534 804 597 866 οὔτε
617 811 722 881 ψυχρὸς
747 812 832 881 giduS.

349 893 411 954 οὔτε
444 897 533 962 ζεστός
559 902 600 955 ed.
630 900 720 956 Elzev.

349 991 377 1042 et
394 989 496 1060 Steph.)

450 1081 473 1134 1.
492 1079 551 1137 cor.
571 1082 622 1148 m.

348 1168 422 1222 ἴδιον
438 1169 491 1239 ἔχει
506 1165 641 1242 χάρισμα,
659 1168 719 1223 ibid.
748 1169 882 1239 proprium
902 1170 982 1224 hebet
999 1170 1105 1224 donum.

349 1255 422 1309 ἴδιον
433 1253 560 1330 χάρισμα
578 1259 642 1327 ἔχει.
1147 1258 1281 1329 proprium
1300 1260 1398 1313 donum
1416 1258 1503 1313 habet

486 1488 548 1579 Ι..,
573 1489 637 1562 Be
660 1490 909 1562 vocabulis
933 1491 1085 1562 textui
1110 1488 1296 1562 Graeco
1320 1490 1381 1562 ab

684 1615 967 1702 Hieronymo
991 1615 1185 1686 additis.

461 1795 557 1860 Haud
576 1798 687 1881 pauois
705 1797 784 1863 loeis
803 1799 1019 1880 interpretatio
1040 1799 1194 1861 vetustior
1216 1803 1338 1862 textum
1360 1797 1519 1862 Graecum

351 1904 590 1969 accuratissime
613 1905 760 1987 reddidit,
783 1904 1003 1986 Hieronymus
1026 1910 1131 1969 autem
1157 1925 1257 1968 unum
1281 1905 1333 1970 vel
1357 1905 1520 1988 complure

350 2010 508 2075 voeabula
537 2011 667 2076 eddidit.
723 2011 811 2089 Quae
841 2011 997 2076 voeabula
1027 2017 1082 2075 aut
1111 2032 1216 2077 errore
1245 2011 1447 2076 librariorum
1470 2013 1521 2074 in-

350 2122 434 2182 serta
456 2123 511 2181 aut
534 2138 576 2183 ex
598 2119 749 2183 librorum
771 2119 964 2184 Graecorum
989 2138 1071 2201 mse,
1095 2118 1211 2201 quibus
1235 2125 1345 2183 auctor
1364 2119 1520 2203 Vulgatae

350 2243 428 2288 usus
460 2228 516 2308 est,
549 2227 700 2291 varietate
733 2231 801 2290 orto
832 2236 888 2289 aut
919 2225 958 2289 ab
991 2226 1051 2291 hoo
1081 2228 1149 2309 ipso
1181 2226 1335 2309 politioris
1363 2226 1521 2291 sermonis

351 2351 448 2396 oense
481 2332 532 2397 vel
561 2338 713 2415 tanquam
745 2334 1022 2417 interpretationes
1054 2334 1282 2397 sententiarum
1313 2332 1421 2396 addite
1450 2353 1521 2398 esse

351 2458 552 2504 nomenenm.
1062 2452 1067 2459 ’

464 2564 509 2630 Ut
532 2565 570 2629 ab
595 2566 750 2650 exemplis
773 2564 946 2631 levioribus
976 2565 1138 2629 ordiemur
1166 2566 1304 2649 primum
1337 2566 1521 2631 coniunctio

354 2676 430 2737 ›et‹
467 2673 576 2736 multis
609 2672 689 2738 locis
724 2674 827 2737 textui
863 2673 1020 2756 Vulgatae
1059 2674 1197 2738 ooourrit
1232 2674 1360 2753 inserte,
1397 2674 1432 2735 in
1470 2673 1522 2737 his

350 2780 422 2845 Joh.
447 2781 518 2863 6,60
552 2772 693 2866 σκληρός
715 2777 803 2843 ἐστιν
834 2772 853 2844 ὁ
887 2774 985 2864 λόγος
1013 2765 1129 2856 οὗτος·
1163 2776 1214 2855 τίς
1249 2772 1386 2843 δύναται
1419 2770 1521 2845 αὐτοῦ

352 2877 501 2965 trinodem
534 2887 571 2951 It.
605 2887 703 2951 dume
737 2892 786 2952 est
816 2888 870 2952 hio
902 2907 1015 2969 sermm
1048 2888 1120 2969 quis
1150 2907 1223 2951 eum
1253 2890 1358 2971 potest
1386 2886 1521 2951 audire?

353 2992 447 3077 Vulg.
471 3044 478 3058 .
502 3044 508 3058 .
533 3045 540 3060 .
564 2998 603 3060 et
625 2995 696 3077 quie
718 2998 822 3078 potest
844 3014 917 3059 eum
942 2994 1076 3058 audire?
1099 2999 1263 3078 praeterea
1282 2994 1391 3058 matth.
1416 2996 1521 3075 15,14.

352 3099 429 3165 Luc.
463 3104 533 3185 14,7
568 3105 600 3167 et
632 3103 682 3166 13.
734 3102 824 3167 Rom.
859 3103 1046 3183 1,32.12,3.
1101 3104 1128 3165 1.
1160 3100 1229 3165 Oor.
1262 3102 1342 3183 1,30.
1389 3104 1418 3166 2.
1450 3101 1521 3165 Cor.

353 3210 519 3290 5,15.9,2.
556 3209 671 3292 Ephes.
698 3211 777 3292 1‚23.
818 3210 845 3273 1.
867 3210 974 3273 Thess.
997 3210 1080 3290 4,11.
1118 3208 1356 3290 2.Thess.1,4.
1396 3211 1424 3272 1.
1442 3207 1521 3272 um.

354 3314 628 3399 1,20.2‚9.4‚13.
675 3318 704 3379 2.
734 3315 812 3380 Tim.
842 3316 1000 3397 2,16.3‚4
1031 3321 1063 3380 et
1094 3317 1144 3378 11.
1188 3315 1247 3378 Tit
1279 3316 1337 3395 1,5.
1386 3318 1414 3379 1.
1438 3315 1521 3381 Petr.

353 3423 414 3505 3,1.
458 3422 527 3487 deo.
553 3424 622 3506 1‚27
637 3473 644 3486 .
657 3424 729 3505 4,15
745 3473 751 3487 .
765 3424 825 3503 5,8.

464 3545 654 3612 Coniunctio
681 3547 788 3612 »sed«
815 3548 1009 3612 eustathio:

466 3675 493 3736 1.
516 3672 588 3736 Joh.
612 3673 660 3754 2‚1
687 3669 742 3735 καὶ
765 3663 823 3735 ἐάν
844 3694 895 3747 τις
918 3663 1060 3757 ἁμάρτῃ,
1085 3671 1122 3735 It.
1146 3676 1178 3737 et
1195 3674 1222 3735 si
1242 3673 1314 3754 quis
1330 3673 1522 3755 peccaverit,

354 3778 448 3862 Vulg.
472 3779 541 3844 sed
565 3784 597 3843 et
619 3780 646 3843 si
670 3784 729 3844 eto.
753 3782 785 3845 et
808 3781 835 3843 1.
858 3780 936 3843 Tim,
960 3780 1020 3860 3‚3.

464 3902 733 3968 Coniunctionem
767 3912 937 3970 »autem«
969 3905 1094 3987 repperi
1121 3906 1148 3967 1.
1172 3903 1241 3967 Cor.
1267 3904 1361 3985 mro
1386 3900 1523 3983 ἔσχατος

354 4007 475 4098 ἐχθρὸς
498 4016 710 4098 καταργεῖται
736 4003 754 4071 ὁ
778 4005 937 4087 θάνατος,
969 4011 1006 4075 lt.
1035 4011 1168 4075 inimiee
1196 4011 1369 4074 novissima
1400 4011 1540 4089 destruf

355 4123 425 4184 etur
448 4138 541 4203 mors,
564 4118 659 4202 Vulg.
682 4118 857 4182 novissime
879 4124 1014 4182 eutem
1037 4119 1168 4183 inimice
1191 4123 1250 4182 eto.

465 4243 733 4309 Coniunctionem
759 4262 894 4326 »ergo«
928 4242 1125 4326 deprehendi
1152 4242 1242 4307 Rom.
1266 4244 1338 4325 8,35
1362 4244 1413 4321 τίς
1438 4234 1524 4329 ἡμᾶς

352 4345 506 4435 χωρίσας
530 4352 567 4416 It.
592 4352 664 4435 quis
686 4370 744 4413 nos
767 4349 948 4433 separabit?
972 4349 1065 4433 Vulg.
1090 4351 1162 4432 quis
1186 4369 1280 4433 ergo
1303 4369 1361 4414 nos
1385 4354 1443 4415 eto.

466 4474 657 4541 Coniunctio
684 4477 779 4539 »ita«
806 4475 922 4558 iegitur
947 4478 974 4539 1.
998 4473 1067 4539 Gor.
1100 4476 1170 4557 13,3
1200 4470 1255 4539 ἵνα
1285 4468 1521 4560 arundineum,

356 4584 392 4647 It
416 4588 452 4647 ut
474 4583 611 4667 ardeam
637 4583 729 4667 Vulg.
753 4583 811 4646 ita
833 4588 869 4645 ut
892 4582 1028 4647 ardeam.
