3517 5175
701 382 924 446 ..59-

227 564 397 647 scriptores
421 562 574 628 Graeciae
597 562 732 625 multum
756 561 796 624 ad
820 561 962 642 linguam
987 565 1019 626 et
1041 561 1161 624 litteras
1183 558 1313 623 Latinas
1344 578 1400 623 ex-

227 670 378 737 colendas
393 671 545 750 valerent
564 669 621 734 sed
639 688 792 733 numerus
808 688 918 732 eornm
935 668 1028 733 valde
1048 673 1161 731 auctus
1180 670 1229 731 est
1246 664 1400 749 religione

226 778 406 842 Christiana
437 780 472 841 in
506 796 618 842 omnes
657 781 763 860 partes
801 777 928 859 imperii
973 775 1109 841 Romani
1144 779 1176 838 et
1209 774 1244 836 in
1279 773 1401 838 litteras

226 886 356 950 Latinas
397 889 614 970 permanante.
675 884 727 947 Ex
765 883 887 948 Graeco
926 902 1074 948 sermone
1113 881 1186 946 libri
1225 880 1327 943 divini
1364 879 1399 942 in

226 994 376 1059 Latinum
411 994 558 1058 conversi
591 994 683 1057 erant
714 995 747 1056 et
777 1010 843 1055 nna
874 1010 949 1054 cum
980 991 1073 1054 novis
1100 987 1279 1053 rationibus
1307 990 1402 1069 atque

227 1100 474 1185 cogitationibus
512 1098 669 1164 vocabula
706 1097 830 1164 Graeca
866 1100 900 1161 in
939 1097 1082 1181 lingnam
1120 1095 1267 1160 Latinam
1302 1095 1402 1178 irrep

225 1209 380 1286 sonante.

338 1332 408 1410 Qua
431 1331 470 1396 de
495 1350 592 1396 causa
614 1331 687 1396 fieri
710 1350 776 1395 non
801 1331 915 1414 potuit,
939 1330 1018 1413 quin
1041 1328 1123 1393 Itala
1146 1346 1273 1410 quoque
1296 1328 1405 1390 nostra

226 1459 290 1523 qua
313 1442 361 1504 est
382 1438 551 1505 verborum
572 1438 745 1503 tenacitate
764 1437 921 1502 vocabula
939 1437 1108 1522 peregrina
1126 1436 1280 1501 retineret
1297 1452 1402 1515 neque

226 1546 445 1629 Hieronymus
475 1566 513 1611 ea
536 1546 656 1611 evitare
685 1548 801 1629 posset
847 1544 889 1608 Et
911 1564 946 1610 re
969 1565 1045 1610 vera
1067 1543 1288 1627 interpretatio
1311 1545 1404 1606 vetus

227 1658 260 1718 et
292 1673 406 1719 recens
440 1654 625 1739 saepissime
665 1653 784 1736 pariter
819 1652 974 1716 vocabnla
1012 1657 1148 1718 externa
1185 1652 1403 1730 servaverunt,

226 1761 389 1825 interdum
420 1761 476 1824 illa
506 1760 567 1824 sibi
597 1763 745 1825 constans
775 1780 814 1825 ea
836 1760 977 1841 retinuit,
1006 1760 1086 1824 haec
1108 1757 1265 1823 vocabulo
1288 1756 1403 1822 Latino

227 1888 285 1932 usa
323 1873 379 1948 est,
418 1868 610 1951 quibusdam
648 1873 754 1933 autern
793 1867 873 1932 locis
912 1866 1131 1949 Hieronymus
1177 1866 1297 1930 maiore
1343 1864 1405 1928 fuit

227 1976 406 2041 tenacitate.

339 2103 387 2165 Ac
403 2101 543 2183 primum
559 2102 687 2183 quidem
708 2122 746 2166 ea
762 2100 935 2165 afferamus
958 2099 1114 2164 vocabula
1133 2099 1312 2183 peregrina,
1333 2097 1403 2180 qui·

227 2209 287 2273 bns
309 2209 429 2293 pariter
450 2211 594 2272 utuntur.

648 2353 676 2430 a)
700 2350 983 2416 Substantiva

341 2494 488 2576 Abyssus
519 2483 697 2576 (άβυσσος),
730 2494 878 2578 aenigma
910 2487 1077 2578 (αἴνιγμα),
1111 2494 1280 2559 anathema
1312 2486 1403 2569 (άνά-

228 2603 339 2684 θεμα),
363 2603 495 2686 angelus
518 2594 689 2686 (άγγελος),
714 2602 919 2667 antichristus
942 2594 1181 2688 (ἀντίχριστος),
1205 2602 1405 2686 apocalypsis

229 2700 476 2791 (ἀποκάλυψις),
515 2709 708 2794 apostolatus
741 2699 947 2795 (άποστολή),
986 2710 1146 2793 apostolus
1181 2701 1404 2793 (ἀπόστολος),

229 2815 439 2899 archangelus
471 2809 703 2903 (ἀρχάγγελος),
734 2816 872 2900 baptista
903 2809 1120 2903 (βαπτιστής),
1149 2816 1338 2900 ¹baptismus
1374 2819 1406 2880 et

229 2923 385 3006 baptisma
414 2918 619 3005 (βάπτισμα),
649 2923 801 2988 barbarus
831 2918 1033 3009 (βάρβαρος),
1065 2922 1262 3008 blasphemia
1291 2920 1404 3006 (βλασ-

230 3025 361 3115 φημία),
384 3029 590 3113 blasphemus
613 3026 843 3116 (βλάσφημος),
874 3030 1019 3094 bravium
1044 3027 1234 3115 (βραβεῖον),
1258 3030 1404 3095 caminus

230 3128 386 3218 κάμινος),
417 3137 567 3202 cathedra
598 3130 783 3225 (κάθεδρα),
813 3141 904 3202 cetus
933 3132 982 3221 (τὸ
1006 3135 1127 3223 κῆτος),
1152 3138 1310 3202 charisma
1332 3130 1403 3219 (χά-

230 3246 351 3326 ρισμα),
384 3243 530 3308 clibanus
562 3239 749 3327 (κλίβανος),
782 3245 965 3327 cymbalum
999 3238 1201 3327 (κύμβαλον),
1237 3245 1403 3328 cyminum

230 3344 396 3436 (κάμινον),
420 3351 623 3417 daemonium
645 3346 848 3434 (δαιμόνιον),
872 3352 1018 3417 diabolus
1037 3344 1225 3436 (διάβολος),
1250 3352 1405 3416 diaconus

230 3448 415 3541 (διάκονος),
448 3460 584 3525 ecclesia
613 3453 802 3543 (ἐκκλησία),
835 3460 1041 3542 eleemosyna
1070 3454 1306 3546 (ἐλεημοσύνη),
1339 3459 1406 3543 epi-

230 3583 443 3594 ὴ.-

337 3637 358 3699 ¹)
376 3635 475 3699 luncl,
495 3635 594 3690 Archiv
612 3637 659 3690 fiir
677 3634 767 3690 latein.
792 3635 1003 3706 Leirilographie
1021 3636 1075 3690 und
1094 3634 1257 3690 Grammatil
1275 3636 1326 3702 111,
1344 3652 1403 3705 pag.

231 3725 296 3779 399:
318 3725 383 3780 »Die
402 3742 489 3779 neuen
507 3725 716 3795 Vorstellungen
730 3724 899 3781 erheischten
913 3742 1001 3780 neuen
1016 3725 1163 3793 Ausdrucl,
1182 3725 1221 3779 sie
1236 3724 1403 3780 erheiscliten

231 3814 330 3869 linrzen
348 3814 496 3882 ausdruck,
515 3815 575 3869 weil
593 3815 636 3870 die
654 3815 841 3885 Vorlrirndiger
858 3816 907 3870 der
925 3814 1011 3870 Lohre
1029 3815 1077 3870 des
1090 3814 1167 3869 Heils
1185 3814 1260 3869 nicht
1276 3815 1337 3869 dem
1353 3816 1404 3870 Ge·

231 3903 348 3958 bildeten
367 3903 471 3974 gelehrt
489 3904 757 3959 auseinandersetzen
776 3903 893 3972 wollten,
912 3921 967 3959 was
985 3904 1044 3959 ihre
1057 3904 1194 3975 Meinnng,
1214 3905 1329 3959 sondern
1343 3905 1404 3959 dem

231 4009 331 4061 armen,
356 3993 544 4049 nnwissenden
562 3993 647 4048 Valle
665 3993 693 4047 in
711 3994 842 4065 inappem
860 3995 956 4049 Worte
974 3994 1024 4047 mit
1041 3993 1247 4064 eindringlicher
1266 3994 1339 4048 Reda
1357 3994 1405 4049 das

147 4071 149 4073 ⁵
230 4081 375 4138 Erlisende
400 4098 448 4137 ans
466 4083 538 4137 Hera
561 4082 638 4153 legen
662 4083 777 4139 wollten.
814 4084 902 4140 &hon
925 4099 973 4138 aus
991 4084 1121 4138 hammer
1138 4083 1225 4139 Scheu
1244 4082 1341 4138 liessen
1360 4083 1403 4138 dio

231 4172 314 4227 vater
331 4172 379 4226 der
397 4171 495 4227 Kiroho
513 4172 653 4243 moglichst
670 4175 859 4241 unverlndert,
878 4190 932 4228 was
946 4173 1039 4243 irgend
1055 4172 1161 4251 bleiben
1175 4174 1281 4237 lenate,
1300 4175 1405 4243 wogten

231 4292 264 4300 —
284 4261 420 4316 vielleicht
437 4261 505 4316 nach
524 4262 712 4332 vergeblichen
731 4263 888 4317 Versuchen
907 4262 1042 4329 -nicht,
1068 4262 1151 4317 durch
1178 4263 1226 4317 dae
1250 4261 1404 4317 heidnische

231 4351 311 4405 Wort
327 4350 378 4405 den
398 4350 569 4406 christlichen
587 4352 653 4407 Sinn
672 4369 706 4406 zu
723 4353 896 4407 verdunkeln.
929 4352 964 4407 So
978 4352 1076 4407 bildete
1090 4351 1146 4407 sich
1161 4351 1313 4408 almahlich
1328 4353 1406 4421 jener

233 4439 400 4510 ehrwi'mlige
418 4440 561 4509 Bibeltext,
586 4443 642 4503 der,
670 4458 699 4496 so
718 4441 794 4511 lange
813 4441 841 4495 in
860 4440 1031 4497 lateinischer
1049 4442 1139 4511 Znnge
1157 4441 1297 4511 gepredigt
1314 4442 1405 4496 werde

232 4530 286 4583 und
305 4530 442 4599 gepredigl
459 4529 534 4597 wind,
553 4532 601 4585 aui
618 4531 660 4586 die
679 4530 977 4586 Kanzelberedsamlreit
994 4547 1045 4585 von
1066 4528 1266 4600 allergrtisstem
1284 4530 1404 4585 Einiluss

230 4634 354 4689 genesen
372 4618 431 4674 sein
449 4635 549 4675 mass«,
