3517 5175
846 366 1062 429 ..34-

487 545 516 608 2.
538 543 644 609 Thess.
668 544 719 626 2,2
744 539 777 608 δί
799 540 977 630 ἐπιστολῆς
1000 536 1045 622 ὡς
1068 538 1101 608 δί
1124 536 1224 631 ἡμῶν,
1243 544 1281 608 u
1300 564 1358 628 per
1376 544 1543 628 epistulam

373 654 575 734 tamquam
600 670 671 734 per
693 670 780 734 nos,
804 650 898 734 Vulg.
922 655 1083 734 tamquam
1106 671 1165 735 per
1186 671 1245 714 nos
1270 653 1406 715 missam.

485 774 657 841 Verbum
690 775 904 841 auxiliare
936 780 969 840 et
1000 797 1018 840 a
1050 781 1141 841 textu
1173 776 1295 841 Graeco
1330 781 1362 841 et
1395 775 1434 839 ab
1465 774 1545 840 Itala

373 883 503 968 Speculi
525 885 725 967 potissimum
757 885 919 966 omissum,
948 883 988 947 ab
1020 883 1220 967 Hieronymo
1251 890 1356 948 autem
1387 885 1543 948 insertum

375 991 426 1054 his
450 994 555 1056 exstat
575 990 669 1054 locis:

484 1097 561 1163 Luc.
586 1099 658 1180 633
683 1089 700 1159 ὃ
723 1096 850 1181 μισθὸς
871 1091 964 1180 ὑμῶν
986 1094 1092 1176 πολὺς
1112 1094 1147 1163 ἐν
1166 1101 1211 1183 τῷ
1233 1091 1372 1184 οὐρανῷ,
1395 1098 1433 1162 u
1453 1097 1544 1183 Spec.

374 1224 497 1270 merces
520 1209 626 1270 vestra
648 1205 777 1269 multa
798 1206 838 1268 in
864 1205 996 1287 caelo,
1026 1205 1121 1288 Vulg.
1152 1205 1253 1269 multa
1283 1209 1359 1286 est,
1390 1205 1475 1269 idem
1505 1205 1545 1267 tit

374 1311 483 1375 Matth.
517 1313 674 1394 7‚13.14.
723 1315 750 1375 l.
783 1311 852 1376 Cor.
887 1313 946 1395 5,6.
993 1315 1021 1374 2.
1055 1312 1124 1376 Cor.
1159 1314 1242 1396 ale.
1288 1313 1424 1397 Philipp.
1460 1314 1543 1395 3,19.

376 1422 404 1483 1.
427 1419 504 1483 Tim.
527 1422 587 1502 4,4.
632 1419 690 1483 Tit
715 1421 796 1502 1,15.
844 1421 871 1483 1.
895 1420 979 1485 Patr.
1003 1421 1194 1503 amnui.
1238 1420 1307 1486 Jac.
1333 1421 1392 1503 l,8.

485 1543 620 1628 Philipp.
645 1545 717 1627 3‚15
742 1541 817 1610 lium
840 1535 899 1609 οὖν
920 1543 1051 1618 τέλειοι,
1079 1593 1086 1607 .
1114 1595 1121 1609 .
1148 1591 1156 1605 .
1182 1548 1367 1631 φρονῶμεν,
1392 1544 1429 1607 It
1453 1543 1542 1627 Spec.

375 1652 570 1734 quicumque
595 1671 669 1734 ergo
692 1652 869 1734 perfecti
878 1701 1011 1733 .....
1035 1653 1218 1733 sentiamus,
1242 1651 1335 1732 Vulg.
1361 1701 1367 1714 .
1392 1701 1398 1715 .
1423 1702 1429 1715 .
1453 1671 1543 1735 per-

374 1759 477 1823 fecti
500 1777 647 1822 sumus.

487 1884 514 1945 l.
530 1883 612 1947 Petr.
628 1884 702 1965 4,14
719 1879 748 1949 εἰ
763 1874 970 1962 ὀνειδίζεσθε
986 1881 1019 1948 ἒν
1035 1876 1173 1967 ὀνόματι
1190 1885 1348 1970 Χριστοῦ,
1369 1877 1541 1970 μακάριοι,

375 1988 411 2054 It.
436 1990 525 2073 Spec.
549 1992 576 2054 si
600 1990 836 2073 exprobramini
859 1991 896 2052 in
920 1992 1050 2054 nomine
1074 1991 1199 2073 Christi,
1223 1990 1352 2071 beati,
1378 1989 1472 2072 Vulg.
1489 2039 1494 2051 .
1511 2038 1543 2051 ..

375 2096 485 2161 beati
510 2098 648 2178 eritis3

486 2204 554 2268 eu.
578 2206 626 2286 3,7
653 2200 682 2270 ol
707 2201 742 2269 ἐκ
766 2201 920 2278 πίστεως,
951 2225 1034 2269 nora
1056 2205 1167 2288 fragm.
1197 2205 1234 2267 It
1265 2205 1332 2287 qui
1364 2224 1411 2268 en
1440 2203 1543 2283 tide,

376 2311 469 2393 Vulg.
493 2361 500 2374 .
524 2361 530 2374 .
555 2361 562 2373 .
586 2331 628 2376 ex
650 2311 716 2376 tide
739 2315 848 2394 sunt,
873 2312 912 2376 cf.
935 2312 1025 2376 Rom.
1049 2315 1117 2392 2‚8;

486 2419 515 2480 2.
548 2417 617 2483 Cor.
650 2420 699 2500 8‚2
733 2414 784 2484 ὅτι
808 2466 816 2480 .
842 2467 851 2481 .
877 2465 885 2479 .
912 2468 920 2482 .
951 2411 970 2505 'l
1005 2419 1180 2506 περισσεία
1209 2422 1267 2507 τῆς
1295 2417 1401 2504 χαρᾶς
1424 2411 1541 2488 αὐτῶν,

375 2524 413 2589 lt
445 2524 535 2609 Spec.
568 2525 652 2609 quod
677 2575 683 2589 .
707 2575 714 2590 .
738 2575 776 2590 ..
807 2526 1004 2591 abundantia
1033 2526 1141 2610 gaudii
1171 2526 1322 2611 ipsomm,
1352 2525 1445 2607 Vulg.
1474 2573 1480 2588 .
1505 2573 1543 2587 ..

376 2634 517 2716 ipsorum
540 2634 631 2696 fuit

489 2742 515 2803 1.
549 2740 654 2805 Thess.
688 2743 762 2824 4,16
797 2735 827 2804 oi
863 2743 972 2830 νεκροὶ
1006 2741 1040 2807 ἐν
1076 2745 1221 2828 Χριστῷ,
1253 2741 1290 2805 It.
1322 2739 1470 2804 mortui
1501 2739 1542 2800 in

377 2846 553 2929 Christo,
577 2847 669 2929 Vulg.
693 2849 819 2931 mortui,
843 2850 968 2930 quiin
993 2849 1117 2913 Christo
1141 2856 1249 2929 suut,

488 2953 554 3018 Gal.
579 2956 651 3035 326
676 2952 731 3020 διὰ
754 2960 811 3042 τῆς
832 2951 976 3033 πίστεως
996 2954 1031 3022 ἐν
1051 2959 1187 3042 Χριστῷ
1198 2949 1316 3043 Ἰησοῦ,
1334 2974 1418 3018 nova
1432 2955 1543 3036 fragm.

376 3061 414 3124 It.
437 3081 495 3144 per
516 3061 614 3125 fidem
638 3063 678 3125 in
704 3061 868 3125 Christo
892 3063 980 3145 Jesu,
1004 3064 1097 3147 Vulg.
1123 3114 1130 3126 .
1154 3115 1160 3126 .
1185 3114 1192 3126 .
1215 3083 1316 3145 quae
1340 3067 1399 3126 est
1421 3063 1461 3123 in
1485 3065 1544 3123 etc.

487 3185 651 3250 Interdum
675 3186 722 3268 fit,
752 3191 788 3249 ut
816 3189 1072 3272 praepositio
1105 3187 1261 3271 quaedam
1294 3187 1416 3251 Graeca
1445 3185 1544 3250 semel

378 3292 506 3374 quidem
530 3295 647 3377 scripta
667 3294 789 3357 duobus
805 3298 911 3359 tamen
928 3296 1135 3359 substantivis
1156 3294 1358 3374 adiungenda
1378 3295 1427 3373 sit,
1448 3312 1542 3374 quam

377 3397 546 3464 verborum
571 3402 830 3483 compositionem
854 3402 935 3465 Itala
954 3404 1098 3484 sequitur
1117 3402 1317 3483 Hieronymo
1339 3401 1545 3483 praepositio-

378 3525 451 3571 nem
485 3507 626 3571 iterante.
682 3507 780 3571 Cuius
812 3511 992 3573 tenacitatis
1024 3509 1121 3573 Italae
1154 3508 1282 3592 Speculi
1317 3509 1397 3572 haec
1431 3506 1544 3586 collegi

379 3613 539 3697 exempla:
586 3644 589 3649 ·

490 3723 517 3784 1.
551 3720 628 3784 Tim.
665 3723 713 3805 6,9
750 3719 796 3799 εἰς
830 3723 1016 3812 πειρασμὸν
1047 3723 1103 3789 καὶ
1138 3719 1274 3807 παγίδα,
1310 3722 1347 3785 lt
1379 3723 1413 3783 in
1444 3727 1545 3802 tempe

380 3828 529 3891 tationem
555 3831 586 3893 et
607 3828 766 3912 laqueum,
789 3830 875 3911 Vulg
876 3881 1038 3894 ......
1063 3836 1094 3895 et
1116 3831 1158 3892 in
1182 3830 1349 3911 laqueum,

489 3936 518 3997 2.
549 3934 654 3999 Thess.
687 3938 737 4018 3,8
765 3932 799 3999 ἕν
822 3936 916 4021 κόπῳ
940 3935 995 4001 καὶ
1017 3932 1146 4023 μόχθῳ,
1172 3938 1208 4000 lt
1232 3939 1266 3999 in
1290 3936 1398 4000 labore
1421 3941 1453 4000 et
1473 3935 1545 3998 iati-

380 4041 515 4124 gatione,
539 4040 624 4125 Vulg
625 4092 755 4107 .....
779 4051 810 4109 et
831 4046 872 4108 in
896 4045 1096 4129 fatigatione3
1126 4045 1210 4108 idem
1234 4045 1273 4107 tit
1296 4046 1324 4108 2.
1347 4044 1424 4107 Tim.
1455 4042 1543 4123 l,l3;

490 4151 519 4212 2.
543 4146 611 4212 Cor.
643 4151 714 4232 ale
746 4148 904 4238 ε’νοικήσιο
935 4147 969 4214 ἒν
993 4147 1106 4228 αὐτοῖς
1129 4150 1183 4217 καὶ
1206 4146 1477 4235 acceptumque.
1507 4149 1545 4211 lt.

271 4280 273 4283 ¹
380 4255 563 4318 inhabitabo
601 4255 634 4317 in
672 4256 736 4320 illis
774 4262 804 4322 ct
841 4259 1054 4342 inambulabo,
1093 4259 1187 4341 Vulg.
1220 4309 1226 4321 .
1260 4308 1266 4320 .
1300 4306 1307 4320 .
1341 4255 1545 4319 inambulabo

381 4362 491 4425 inter
513 4381 597 4426 eos‘

492 4412 599 4531 Matthl
625 4472 717 4552 leue
742 4466 798 4534 ἐπὶ
821 4465 981 4560 ἡγεμόνας
1001 4473 1037 4540 δὲ
1058 4472 1112 4537 καὶ
1131 4470 1289 4550 βασιλεῖς,
1311 4470 1348 4533 It.
1370 4470 1408 4533 ad
1427 4471 1546 4554 praesi-

380 4574 436 4640 des
460 4579 492 4640 et
512 4594 612 4659 reges,
639 4575 721 4660 Vulg
722 4628 851 4644 .....
876 4582 976 4645 etad
999 4600 1098 4664 reges
