3517 5175
813 343 1035 432 ..ῥό-

451 527 480 611 ῥ.
512 546 617 611 Thess.
652 546 702 629 2,5
738 539 776 611 orl
810 538 1021 632 μνημονεύτε,
1060 543 1098 607 lt
1134 563 1201 609 non
1238 545 1434 610 retinetis
1466 544 1508 609 in

339 655 548 737 memoria,
571 653 664 738 iulg.
688 653 770 716 nihil
792 653 855 715 nisi
881 670 967 714 »non
990 652 1163 717 retinetis«.

452 761 512 826 Pro
549 753 758 846 μυκτηρίζειν
795 758 863 824 Gal.
903 760 952 841 6,r
991 759 1026 822 in
1063 759 1155 822 novis
1188 759 1377 842 fragmentis
1399 758 1509 824 Italae

339 869 447 935 verius
479 867 771 932 ›subsannare‹
797 885 894 951 qnam
924 867 963 930 ab
987 865 1188 950 Hieronymo
1215 867 1384 932 ›irridere‹
1410 866 1510 951 scrip

339 982 407 1040 tum
431 994 500 1041 esse
522 976 592 1059 ipse
614 973 761 1038 Wolfflin
785 974 904 1058 optime
928 973 1113 1057 explanavit
1121 972 1152 1054 ¹).

449 1081 582 1148 Duobus
603 1081 683 1146 locis
706 1080 786 1146 Itala
808 1081 942 1146 verbum
965 1081 1103 1165 simplex
1125 1081 1273 1146 retinuit:

452 1191 480 1253 1.
502 1189 574 1254 Joh.
598 1188 671 1271 2,19
701 1179 941 1273 μεμενήκεισαν
970 1176 1021 1265 ἄν,
1053 1187 1091 1253 It
1122 1189 1384 1271 mansissent,
1418 1187 1509 1270 Vulg‚

338 1296 596 1380 permansissent,
626 1300 658 1361 et
687 1294 759 1360 Joh.
790 1294 864 1376 8,14
893 1297 1060 1382 μαρτυρῶ,
1092 1294 1130 1359 It
1160 1296 1392 1378 testificor,
1415 1294 1509 1378 Vulg.

338 1403 552 1469 testimonium
577 1401 738 1487 perhibeo.

448 1528 553 1613 Ipsius
583 1527 821 1612 compositionis
852 1526 1021 1591 verborum
1053 1526 1193 1594 Graecae
1222 1529 1378 1592 imitatrix
1406 1529 1509 1594 versio

339 1638 470 1721 antiqua
488 1638 514 1700 1.
531 1635 601 1700 Cor.
620 1636 712 1717 10‚21
728 1631 896 1722 τραπέζης
910 1631 1027 1720 κυρίου
1042 1634 1189 1717 μετέχειν
1208 1635 1313 1700 verbis
1335 1655 1509 1701 »mensae

340 1744 494 1807 domini
539 1743 816 1827 participare<
869 1741 1038 1820 transtulit
1090 1742 1309 1825 Hieronymus
1359 1743 1510 1808 licentius

342 1869 491 1916 »mensae
514 1848 646 1914 Domini
668 1850 838 1933 participes
861 1867 948 1913 esses
975 1850 1117 1932 scripsit,

452 1958 480 2021 1.
500 1955 577 2020 Tim.
602 1958 652 2038 6,4
669 1957 784 2026 νοσῶν,
802 1956 913 2039 fragm.
929 1955 966 2020 It
983 1960 1219 2040 aegrotans,
1235 1956 1328 2040 Vulg.
1344 1957 1509 2040 languens.

450 2080 523 2144 Joh.
550 2082 642 2162 16,13
666 2080 764 2146 verba
787 2079 904 2144 Christi
936 2073 1091 2166 ὁδηγήσει
1122 2077 1207 2163 ὑμᾶς
1236 2078 1271 2145 ἐν
1297 2083 1339 2167 τῇ
1363 2074 1509 2170 ἀληθείη

340 2183 433 2275 πάση
457 2187 525 2270 (der
548 2187 626 2251 wird
651 2189 733 2253 euch
763 2189 797 2251 in
829 2188 890 2253 alle
913 2187 1082 2252 Wahrheit
1110 2188 1218 2270 leitcn,
1241 2187 1371 2258 Lutherl
1395 2188 1510 2252 melius

341 2293 381 2358 ab
404 2294 485 2358 Itala
507 2294 612 2360 verbis
638 2315 728 2359 »vos
746 2294 916 2360 inducet
939 2297 980 2358 in
1005 2314 1159 2360 omnem
1178 2296 1414 2360 veritatem«
1441 2314 1510 2360 esse

340 2421 491 2484 expressa
513 2403 641 2486 propria
663 2402 901 2485 significatione
923 2402 1013 2467 verbi
1030 2395 1170 2487 ὁδηγεῖν,
1196 2422 1278 2486 qnae
1297 2409 1345 2467 est
1364 2402 1511 2484 ducendi,

340 2510 459 2594 optime
482 2515 607 2574 servata
630 2528 725 2594 quam
749 2509 854 2575 verbis
870 2508 1027 2592 Vulgatae
1045 2508 1193 2574 »docebit
1210 2529 1265 2573 vos
1286 2529 1412 2574 omnem
1429 2509 1512 2574 veri·

340 2621 455 2683 tatem«
482 2618 555 2701 quis
579 2623 634 2700 est,
658 2618 713 2702 qui
737 2620 855 2700 neget?

451 2723 539 2789 Idem
564 2724 721 2789 iudicabis
744 2724 783 2790 de
807 2725 857 2788 his
880 2725 972 2791 locis:

453 2852 480 2913 1.
501 2849 581 2913 Tim.
607 2851 679 2932 6,16
704 2842 815 2922 οἰκεῖν,
841 2851 878 2914 It.
889 2854 911 2929 ²)
935 2851 1139 2933 habitare,
1162 2850 1255 2933 Vulg.
1278 2850 1473 2929 inhabitare3

451 2976 520 3040 Act.
551 2995 599 3058 ap.
631 2977 722 3057 17,31
749 2972 783 3040 ἐν
805 2967 901 3063 ἀνδρὶ
925 2963 951 3063 ᾦ
975 2972 1106 3063 ὥρισεν,
1138 2975 1176 3040 It
1200 2976 1431 3056 (attractionem
1462 2975 1512 3037 in·

340 3102 436 3166 super
457 3082 655 3166 pronominis
677 3082 800 3147 relativi
824 3083 979 3164 imitator)
1007 3084 1047 3146 in
1080 3084 1168 3146 viro
1192 3103 1268 3165 quo
1300 3083 1511 3165 definivit,

342 3188 435 3272 Vulg.
458 3190 491 3251 in
517 3190 594 3272 viro,
616 3190 651 3251 in
676 3209 738 3272 quo
762 3191 879 3254 statuit

451 3312 560 3377 Matth.
585 3314 656 3395 6,29
682 3308 899 3400 περιεβάλετο
929 3309 974 3391 ὡς
1004 3308 1039 3376 ιἓν
1068 3309 1202 3396 τούτων,
1232 3316 1302 3398 nn
1336 3316 1512 3380 amictus

341 3424 390 3486 est
411 3422 495 3485 sicut
517 3441 616 3484 unum
641 3441 683 3485 ex
707 3422 764 3503 his,
789 3421 883 3504 Vulg.
908 3428 1075 3506 coopertus
1099 3428 1162 3503 cst,

455 3547 482 3609 1.
506 3544 576 3610 (lor.
600 3548 694 3626 12,23
719 3544 945 3631 coercitiones,
971 3546 1008 3611 lt.
1032 3548 1393 3633 circumponimus,
1417 3548 1511 3630 Vulg.

343 3653 588 3717 circumdamus.

449 3871 469 3941 ¹)
488 3870 565 3926 Neue
583 3870 774 3938 Bruchstiiclre,
793 3887 850 3941 pag.
870 3872 886 3925 7
906 3875 934 3924 et
951 3873 976 3927 9.

451 3960 472 4030 ¹)
491 3964 583 4015 contra
600 3959 620 4013 F
622 3960 715 4015 alicam
734 3962 776 4027 2,7
797 3969 824 4014 et
843 3961 876 4015 de
895 3962 960 4015 Gan.
980 3963 1049 4019 uls.

451 4049 602 4120 ³)Zicglcr,
620 4049 845 4119 Italairagmente,
866 4067 923 4119 pag.
946 4051 986 4105 18.

447 4140 468 4209 ⁴)
487 4140 519 4194 da
539 4140 587 4194 civ.
606 4139 657 4194 Dei
674 4139 755 4206 XM,
774 4139 915 4209 Speculum
938 4146 1091 4211 »coopertus
1105 4149 1172 4207 cst«,
1192 4140 1267 4194 cuius
1286 4142 1390 4194 textum
1410 4140 1511 4195 Biblio-

342 4245 400 4283 rum
427 4229 575 4295 Sacrorum,
602 4245 760 4299 quamquam
780 4228 863 4299 primo
889 4231 922 4284 do
946 4230 1044 4284 usitata
1066 4230 1112 4285 illa
1134 4230 1278 4284 vetustiore
1294 4229 1512 4299 interpretatione

342 4321 401 4372 erat
418 4319 595 4388 depromptus,
617 4320 706 4387 postea
723 4317 910 4388 interpolatum
931 4335 989 4373 esse
1007 4319 1052 4385 ita,
1075 4323 1107 4373 ut
1131 4319 1158 4372 in
1183 4318 1393 4373 testimoniomm
1419 4320 1511 4389 genui-

343 4423 437 4460 norum
457 4406 544 4461 locum
563 4407 645 4461 uerba
662 4406 888 4477 interpretationis
903 4407 1024 4478 vulgatae
1043 4408 1275 4476 substituerentur,
1295 4411 1367 4462 recto
1386 4408 1437 4462 iam
1455 4409 1512 4463 Du·

343 4495 429 4566 pinius
447 4498 525 4565 atquc
546 4495 683 4550 Wsihrioh
703 4497 842 4569 (praefatio
866 4499 894 4550 in
913 4498 939 4554 S.
958 4498 1100 4563 Augustini
1118 4498 1222 4565 librum,
1242 4498 1286 4567 qui
1305 4497 1446 4567 Speculum
1466 4515 1511 4568 ap-

343 4585 463 4655 pellatur,
483 4602 540 4655 pag.
559 4585 641 4641 XVII
660 4589 688 4640 at
704 4586 799 4658 XXH)
816 4588 972 4641 docuerunt.
