3517 5175
837 320 1057 383 ..56-

470 491 649 586 ἀχάριστος
673 497 749 563 Luc.
774 500 846 579 635
871 498 908 562 It.
932 503 963 562 et
985 497 1080 582 Vulg.
1103 499 1264 581 ingratus;

469 599 615 692 ἀσθενής
640 608 668 670 1.
692 605 761 670 Cor.
788 608 858 686 135
883 606 994 688 fragm.
1018 605 1054 669 It
1078 609 1110 670 et
1133 604 1227 688 Vulg.
1250 604 1416 682 infirmnm

471 701 609 792 ἄμωμος
632 712 713 797 npn.
738 716 788 795 1,4
811 714 924 796 fragm.
945 713 982 776 lt.
1000 719 1031 777 et
1047 712 1141 794 Vulg.
1161 711 1400 789 immaculatus;

471 811 704 907 ἄνεκδιήγητος
736 822 765 884 2.
798 820 867 884 Cor.
902 821 974 902 9,15
1007 820 1119 903 fragm.
1150 820 1188 884 lt
1221 823 1253 884 et
1279 818 1371 902 Vulg.
1404 819 1531 883 inenar-

359 925 486 1005 rabilis;
1001 976 1012 993 .

471 1022 589 1118 δίφρων
611 1035 641 1097 2.
665 1034 734 1098 Cor.
760 1036 854 1116 ll,16
877 1036 989 1119 fragm.
1012 1034 1050 1099 lt
1073 1038 1105 1099 et
1128 1033 1221 1116 Vulg.
1244 1034 1409 1118 insipiens.

471 1157 679 1223 Adverbia
701 1160 828 1244 repperi

471 1274 614 1361 ἀναξίως
640 1286 667 1348 l.
691 1284 761 1348 Cor.
787 1286 880 1366 1137
906 1285 943 1349 lt.
967 1291 999 1350 et
1022 1285 1115 1368 Vulg.
1139 1284 1286 1367 indigne3

471 1381 620 1467 ἀτάκτως
645 1393 674 1455 2.
697 1391 804 1456 Thess
829 1394 879 1474 3,6
904 1392 940 1456 It
966 1398 997 1458 et
1019 1393 1113 1476 Vulg.
1137 1392 1326 1456 inordinato.

471 1515 604 1581 Verba
627 1517 707 1582 haec
729 1517 808 1600 legi:

465 1632 638 1707 Ἀσθενεῖν
659 1644 688 1706 2.
712 1642 782 1706 Cor.
808 1645 879 1724 13,3
904 1643 1015 1724 fragm.
1039 1642 1076 1705 It.
1099 1646 1132 1706 et
1155 1641 1248 1724 Vulg.
1271 1640 1442 1718 infirmari3

471 1738 614 1832 ἀκυροῦν
638 1749 705 1812 Gal.
729 1752 801 1831 3,17
834 1769 918 1812 nova
947 1750 1058 1832 fragm.
1082 1748 1118 1812 tt.
1142 1750 1315 1830 infirmare,
1339 1747 1432 1830 Vulg.
1462 1747 1534 1809 irri-

361 1859 426 1917 tum
451 1855 571 1934 facere;

473 1953 627 2028 ἄστατεῖν
651 1965 678 2026 1.
704 1964 772 2027 Cor.
797 1966 867 2044 4,11
896 1964 932 2027 It.
957 1968 989 2028 et
1012 1963 1104 2046 Vulg.
1127 1962 1308 2027 instabilem
1333 1982 1410 2027 esse.

472 2087 515 2151 Ut
544 2087 684 2170 denique
714 2089 946 2153 substantivum
980 2080 1163 2174 ἆφθαρσία
1192 2091 1226 2152 xi.
1258 2088 1329 2153 Gor.
1362 2088 1532 2170 15,42.50

361 2198 392 2260 et
415 2195 573 2258 adiecfiva
601 2186 860 2279 ἇκατάγνωστος,
894 2188 1123 2282 ἅμαράνσινσς,
1157 2187 1389 2281 ἆμετανόητος,
1422 2188 1501 2271 clue}
1517 2235 1533 2244 -

361 2297 525 2387 prrivqrog,
544 2291 794 2379 ἇνεξιχνίαστος,
813 2295 967 2385 ἀόρατος,
986 2294 1176 2386 (lnporum,
1200 2291 1371 2380 ἄσβεστος,
1394 2293 1533 2386 ἄφθαρ-

360 2430 418 2484 τος
440 2407 498 2472 Tit
522 2409 574 2490 2,8
622 2411 649 2472 1.
673 2408 756 2473 Petr.
781 2412 841 2490 5,4.
889 2409 977 2473 Rom.
1009 2411 1306 2491 2,5.11,33.1,20.
1353 2408 1419 2473 Col.
1451 2410 1533 2489 1,16.

364 2516 390 2578 1.
422 2514 500 2578 Tim.
535 2517 722 2599 1,17.o,17.
769 2516 866 2582 Marc.
901 2518 983 2599 9‚43.
1028 2516 1117 2580 Rom.
1150 2518 1231 2598 1,23.
1279 2519 1306 2580 1.
1337 2516 1408 2580 Cor.
1440 2516 1533 2596 15,52

362 2623 401 2687 ad
438 2624 570 2688 verbum
603 2626 819 2707 transferrent,
850 2627 1020 2709 scriptores
1050 2625 1258 2690 ecclesiastici
1289 2625 1420 2688 nomina
1450 2643 1534 2686 nova

361 2731 633 2813 excogitaverunt,
653 2752 734 2814 qnae
753 2737 844 2796 sunt:
863 2733 1069 2816 incorruptio,
1087 2731 1313 2816 incorruptela,
1332 2731 1534 2815 irreprehen-

361 2836 472 2918 sibilis,
494 2838 777 2920 immarcescibilis,
800 2840 1011 2923 inpaenitens,
1040 2839 1264 2917 inscrutabilis,
1291 2836 1534 2920 investigabilis,

362 2943 540 3025 invisibilis,
562 2946 803 3025 inaccessibilia,
826 2946 1099 3029 inexstinguibilis
1118 2946 1215 3029 (quod
1234 2965 1353 3010 nomen
1375 2965 1447 3009 cum
1470 2945 1533 3007 ianr

362 3051 397 3114 in
421 3051 598 3135 fragmento
624 3052 777 3117 Varronis
798 3059 944 3119 occurrat
967 3075 986 3117 a
1008 3055 1215 3138 scriptoribus
1245 3053 1322 3117 eccl.
1354 3072 1396 3118 ex
1425 3052 1535 3135 lingua

362 3159 486 3243 vulgari
518 3161 667 3223 haustum
700 3161 826 3225 videtur
858 3164 938 3236 esse)
968 3161 1228 3245 incorruptibilis.
1282 3161 1371 3238 Quae
1403 3160 1535 3223 nomina

363 3267 470 3331 omnia
502 3268 537 3329 in
576 3267 656 3331 itala
689 3267 825 3351 legimus
865 3268 1149 3351 Hieronymusque
1190 3269 1330 3334 retinuit.
1391 3267 1535 3331 Plurima

363 3394 474 3439 eorum
498 3374 581 3439 sieut
604 3375 768 3459 complura
790 3377 924 3440 nomina
947 3377 1129 3460 composita,
1154 3376 1192 3440 de
1217 3375 1333 3458 quibus
1356 3395 1451 3458 supra
1470 3373 1535 3456 egi-

365 3500 443 3563 mus,
460 3483 691 3547 consuetudine
707 3482 860 3565 loquendi
876 3484 1164 3549 ecclesiasticorum
1183 3486 1217 3546 in
1235 3484 1377 3565 linguam
1396 3482 1535 3546 Franco·

363 3587 509 3671 gallicam
547 3591 745 3673 irrepserunt
755 3590 776 3669 ¹)
815 3591 926 3654 formis
968 3591 1212 3673 »incorruption
1258 3589 1535 3673 irreprehensible,

362 3695 621 3780 immarcessible,
659 3698 857 3781 impenitent,
891 3697 1093 3779 inscrutable,
1125 3696 1282 3779 invisible,
1316 3694 1536 3775 inaccessible,

364 3803 608 3886 inextinguible,
630 3805 879 3889 incorruptible«
903 3804 1082 3888 assumptis

475 3927 544 3995 Nec
566 3949 643 3995 vero
666 3950 792 4015 semper
813 3950 899 3995 nova
921 3929 1077 3996 eiusmodi
1101 3931 1233 3993 nomina
1254 3930 1391 3993 formare
1419 3928 1537 3994 licebat

365 4041 397 4102 et
426 4037 506 4102 aliae
535 4039 674 4103 rationes
697 4038 906 4104 convertendi
929 4037 1088 4103 ineundae
1112 4041 1216 4116 erant,
1248 4037 1355 4119 itaque
1383 4036 1536 4102 adverbio

368 4164 483 4209 ›non‹
510 4144 590 4209 Itala
613 4151 645 4211 et
668 4145 806 4229 Vulgata
828 4146 878 4209 his
903 4144 1074 4210 utebantur
1097 4145 1191 4209 locis:

475 4268 564 4333 Rom.
586 4248 681 4354 '10,21
708 4261 917 4335 ἀπειθοῦντα
941 4299 983 4324 :
1006 4289 1072 4334 non
1096 4270 1288 4352 credentem,

477 4379 505 4441 2.
514 4377 593 4441 Tim.
604 4379 654 4462 3,2
666 4378 815 4464 ymerium
824 4368 982 4455 ἀπειθεῖς
993 4407 1034 4431 =
1044 4376 1230 4462 parentibus
1241 4397 1308 4441 non
1320 4376 1538 4461 oboedientes,

473 4555 494 4626 ¹)
512 4554 589 4610 Neue
608 4553 799 4623 Bmehstiicke,
818 4568 876 4623 pag.
896 4552 938 4608 10.
