3517 5175
678 397 900 461 „57-

309 569 383 640 διάτ
419 574 528 641 natu.
563 577 659 657 24,12
695 572 752 642 διὰ
785 570 824 638 τὸ
860 574 1099 664 πληθυνθῆναι
1131 573 1191 665 τὴν
1225 568 1376 659 ἀνομίαν,

205 683 356 765 qnoniam
380 683 555 748 abundavit
576 684 746 767 iniquitas3

213 860 218 870 ,
312 783 412 873 perol:
437 793 508 856 Aot
532 812 580 877 ap.
606 793 656 875 1,3
675 789 759 875 μετὰ
776 787 814 855 τὸ
836 784 1090 866 frassenetula
1107 796 1179 875 post
1195 793 1377 876 passionem

204 917 305 979 suam,
329 898 427 964 Hebr.
453 900 564 981 10,26;

314 1005 391 1071 Luo.
418 1008 489 1088 12,5
511 1004 595 1088 μετὰ
618 1001 657 1069 τὸ
681 999 888 1080 ἀποκτεῖναι,
912 1012 1079 1091 postquam
1104 1008 1274 1088 occiderit,

316 1111 417 1198 πρόςτ
442 1113 552 1178 Maith.
577 1115 650 1196 5,28
675 1111 762 1201 πρὸς
784 1112 822 1180 τὸ
846 1111 1070 1199 ἐπιθυμῆσαι,
1090 1115 1131 1179 ad
1150 1115 1380 1199 eoncupiscen-

206 1220 294 1303 dum,
317 1219 428 1285 Matth.
455 1223 565 1302 13,30;

320 1328 430 1393 Mattb.
455 1331 527 1411 23,5
546 1327 631 1415 πρὸς
650 1325 689 1394 τὸ
708 1333 889 1415 θεαθῆναι,
911 1332 948 1392 ut
962 1329 1141 1412 videantur,
1157 1328 1274 1413 Ephes.
1290 1330 1379 1412 6,11;

319 1437 346 1499 1.
369 1435 475 1502 Thess.
500 1439 551 1519 2,9
583 1434 668 1525 πρὸς
698 1432 737 1499 τὰ
766 1431 813 1524 μὴ
844 1432 1060 1522 ἐπιβαρῆσαι,
1093 1456 1135 1502 ne
1167 1456 1381 1521 gravaremus

206 1543 235 1606 2.
258 1542 365 1608 Thess.
390 1545 450 1626 3,8.

322 1651 574 1717 adverbium
598 1652 683 1717 inter
702 1650 872 1716 articulum
893 1655 926 1715 et
940 1649 1175 1714 substantivum
1191 1651 1380 1717 collocatum

207 1757 293 1842 apud
317 1758 456 1824 Graecos
480 1759 630 1825 adieetivi
653 1759 795 1823 attributi
819 1759 923 1823 vioem
947 1764 1107 1841 praestare
1130 1763 1242 1823 notum
1267 1765 1322 1825 est

319 1882 408 1961 Quae
431 1883 582 1950 adverbia
606 1889 642 1948 ut
665 1889 889 1950 converterent
911 1883 991 1947 Itala
1015 1886 1048 1949 et
1069 1883 1209 1967 Vulgata
1232 1889 1289 1949 aut
1311 1903 1383 1950 sen-

207 1990 308 2056 tentia
331 1990 465 2056 relativa
488 1991 666 2074 utebantur,
690 1993 782 2056 ouius
805 1991 954 2074 exempla
977 1990 1057 2056 haee
1080 1990 1198 2056 babeo:

321 2098 388 2162 Gal.
413 2100 487 2180 435
511 2100 552 2184 τῇ
576 2104 631 2164 νῦν
648 2091 875 2185 Ἰερουσαλήμ,
901 2099 940 2181 ei,
964 2118 1047 2181 quae
1077 2117 1165 2163 nuno
1196 2103 1244 2164 est
1266 2098 1383 2163 Hieru-

207 2206 317 2287 salem,
355 2211 520 2289 praeterea
554 2206 621 2270 Gal
656 2207 739 2288 436.
799 2206 876 2271 Luo.
915 2207 1018 2282 16,15.
1080 2207 1150 2270 Aet
1188 2225 1237 2290 ap.
1277 2206 1382 2286 20,21‚

208 2316 237 2378 2.
269 2311 338 2377 Cor.
368 2316 451 2395 4‚17.
500 2316 527 2378 1.
558 2312 642 2378 Petr.
673 2314 837 2395 3,15.5‚2,
868 2317 923 2377 aut
951 2312 1085 2377 articulo
1114 2312 1209 2397 plane
1232 2312 1382 2376 ommisso

209 2439 334 2484 mamm
367 2420 561 2486 adiectivum
603 2425 658 2484 aut
694 2439 869 2504 pronomen
903 2419 1109 2504 usurpabant,
1142 2419 1227 2501 quod
1261 2419 1381 2484 factum

208 2546 280 2593 esse
302 2527 448 2595 intellexi

320 2635 457 2721 Philipp.
489 2638 563 2718 3,14
597 2639 655 2723 τῆς
694 2628 762 2702 iloto
803 2630 961 2722 κλήσεως,
1001 2654 1159 2720 supernae
1197 2635 1384 2717 vocationis,

210 2745 239 2806 1.
262 2742 340 2807 Tim.
365 2745 447 2826 6,19,

321 2852 350 2915 2.
375 2850 444 2915 Cor.
469 2852 520 2933 9,2
544 2843 562 2911 b
588 2848 626 2929 ἐξ
648 2843 739 2933 ὑμῶν
762 2847 869 2934 ζῆλος,
895 2854 1001 2915 vestra
1023 2849 1203 2933 aemulatio,

317 2957 374 3021 lit.
399 2961 471 3042 2,12
496 2955 530 3023 ἒν
552 2963 599 3043 τῷ
621 2958 676 3021 νῦν
700 2951 805 3029 αἰῶνι,
829 2958 864 3019 in
888 2957 950 3022 hoe
972 2957 1110 3022 saeculo.

322 3081 447 3160 Quibus
500 3082 657 3168 exemplis
710 3081 836 3145 articuli
890 3083 999 3146 omissi
1051 3081 1256 3147 adnumerari
1309 3081 1386 3146 lieet

211 3192 228 3253 1
256 3189 338 3255 Petr.
362 3191 412 3272 3,2
436 3187 495 3278 τὴν
517 3189 552 3257 ἐν
574 3185 671 3277 φόβῳ
695 3183 795 3277 ἁγνὴν
818 3181 1040 3276 ἀναστροφήν,
1069 3190 1104 3252 in
1129 3190 1241 3254 timore
1265 3194 1383 3254 oastam

211 3298 496 3380 conversationem,
534 3299 586 3362 oui
622 3298 692 3362 loeo
730 3295 886 3360 simillimi
928 3299 1005 3359 sunt
1043 3298 1071 3360 1.
1109 3295 1192 3360 Petr.
1238 3296 1310 3378 3,16
1355 3299 1387 3361 et

211 3404 321 3468 Matth.
345 3406 406 3486 7,3,
430 3410 462 3470 et
484 3407 514 3468 2.
537 3403 620 3469 Petr.
642 3405 715 3485 2,13
736 3400 796 3491 τὴν
816 3399 850 3466 ἓν
872 3395 980 3491 ἡμέρᾳ
1000 3399 1137 3490 τρυφήν,
1161 3401 1225 3467 diei
1246 3401 1385 3466 delicias,

322 3527 473 3594 Diversae
502 3529 709 3595 convertendi
739 3529 878 3593 rationes
910 3527 991 3591 ltala
1019 3529 1052 3592 et
1079 3525 1219 3610 Vulgata
1240 3527 1386 3591 inierunt

211 3634 348 3720 Philipp.
372 3637 423 3717 ⁸2,9
448 3628 554 3719 ὄνομα
576 3632 614 3700 τὸ
638 3628 725 3719 ὑπὲρ
748 3639 814 3701 πᾶν
839 3627 956 3717 ὄνομα,
980 3634 1017 3699 It
1041 3652 1159 3698 nomen
1177 3652 1274 3717 super
1292 3652 1387 3698 omne

212 3762 338 3825 nomen,
362 3743 456 3826 Vulg.
480 3761 607 3825 nomen,
630 3743 715 3826 quod
739 3745 788 3807 est
809 3762 855 3825 sq.

322 3868 478 3933 Definitio
503 3886 630 3950 quoque
653 3866 839 3932 adverbium
864 3865 1051 3951 aooipienda
1072 3865 1204 3930 articulo
1224 3865 1385 3948 adiuncta,

212 3994 295 4057 quae
318 3974 555 4039 substantivum
579 3975 731 4056 sequitur,
762 3973 801 4038 ab
824 3974 993 4056 utriusque
1016 3973 1288 4056 interpretationis
1311 3992 1386 4037 auo·

211 4083 333 4147 toribus
351 4084 510 4147 sententia
528 4082 717 4166 plerumque
735 4081 869 4147 relativa
888 4081 1087 4164 exprimitur,
1106 4079 1232 4162 qualem
1249 4079 1386 4163 legImus

211 4188 321 4253 Mattb.
352 4190 403 4271 6,9
433 4183 540 4275 πάτερ
565 4180 657 4277 ἡμῶν
680 4179 698 4253 ὁ
722 4185 757 4253 ἐν
777 4193 849 4263 τοῖς
872 4179 1043 4275 οὐρανοῖς,
1075 4190 1302 4271 paternoster,
1332 4187 1386 4273 qpi

212 4315 247 4361 es
287 4297 322 4360 in
366 4296 472 4377 coelis,
510 4295 619 4361 Matth.
658 4295 933 4379 5,45.6,18.23
953 4296 1086 4375 .18,10.
1147 4293 1243 4359 Maro.
1283 4294 1386 4375 1126.

211 4403 283 4467 Joh.
308 4405 381 4485 5,44
404 4400 463 4489 τὴν
485 4398 586 4482 δόξαν
609 4402 667 4490 τὴν
690 4399 783 4489 παρὰ
806 4405 866 4468 τοῦ
889 4397 994 4484 μόνον
1019 4404 1112 4473 θεοῦ,
1137 4400 1279 4484 gloriam,
1304 4419 1386 4481 quae

212 4531 231 4573 a
264 4511 332 4575 solo
366 4510 434 4576 Deo
471 4514 527 4592 est,
564 4510 655 4575 Rom.
693 4511 890 4592 1‚26.4,12.
950 4511 978 4572 1.
1013 4507 1082 4572 Cor,
1119 4507 1386 4589 2,11.12.16,1.

212 4619 242 4681 2.
267 4616 336 4681 cor.
361 4619 422 4701 ae.
468 4617 642 4700 Gal‚1,22.
688 4616 803 4700 Ephes.
827 4618 911 4699 arr.
958 4615 1023 4679 eor
1048 4617 1108 4698 ep,
1154 4615 1183 4678 2,
1216 4614 1293 4677 um.
1325 4614 1386 4695 2,1.

1224 4719 1260 4772 5.
