<?xml version="1.0" encoding="UTF-8"?>
<!DOCTYPE html PUBLIC "-//W3C//DTD XHTML 1.0 Transitional//EN"
    "http://www.w3.org/TR/xhtml1/DTD/xhtml1-transitional.dtd">
<html xmlns="http://www.w3.org/1999/xhtml" xml:lang="en" lang="en">
 <head>
  <title>
</title>
<meta http-equiv="Content-Type" content="text/html;charset=utf-8" />
  <meta name='ocr-system' content='tesseract 3.04.00' />
  <meta name='ocr-capabilities' content='ocr_page ocr_carea ocr_par ocr_line ocrx_word'/>
</head>
<body>
  <div class='ocr_page' id='page_1' title='image "./quaesititalaequ00ehrlgoog_0083.png"; bbox 0 0 3517 5175; ppageno 0'>
   <div class='ocr_carea' id='block_1_1' title="bbox 691 413 913 477">
    <p class='ocr_par' dir='ltr' id='par_1_1' title="bbox 691 413 913 477">
     <span class='ocr_line' id='line_1_1' title="bbox 691 413 913 477; baseline 0.005 -16"><span class='ocrx_word' id='word_1_1' title='bbox 691 413 913 477; x_wconf 73' lang='lat'>..77-</span> 
     </span>
    </p>
   </div>
   <div class='ocr_carea' id='block_1_2' title="bbox 215 586 1388 842">
    <p class='ocr_par' dir='ltr' id='par_1_2' title="bbox 215 586 1388 842">
     <span class='ocr_line' id='line_1_2' title="bbox 747 586 1280 658; baseline -0.002 -14"><span class='ocrx_word' id='word_1_2' title='bbox 747 586 849 644; x_wconf 85' lang='lat' dir='ltr'>Itala</span> <span class='ocrx_word' id='word_1_3' title='bbox 1122 586 1280 658; x_wconf 81' lang='lat' dir='ltr'>Vulgata</span> 
     </span>
     <span class='ocr_line' id='line_1_3' title="bbox 304 680 631 746; baseline 0.006 -11"><span class='ocrx_word' id='word_1_4' title='bbox 304 680 386 735; x_wconf 81' lang='lat' dir='ltr'>Marc.</span> <span class='ocrx_word' id='word_1_5' title='bbox 407 680 493 746; x_wconf 85' lang='lat'>10,16.</span> <span class='ocrx_word' id='word_1_6' title='bbox 621 715 631 737; x_wconf 66' lang='grc' dir='ltr'><strong><em>ι</em></strong></span> 
     </span>
     <span class='ocr_line' id='line_1_4' title="bbox 215 765 1388 842; baseline -0.002 -18"><span class='ocrx_word' id='word_1_7' title='bbox 215 765 433 842; x_wconf 73' lang='grc' dir='ltr'><strong><em>ἔγκαιισιὲμενος</em></strong></span> <span class='ocrx_word' id='word_1_8' title='bbox 450 806 458 821; x_wconf 92' lang='grc'><strong>.</strong></span> <span class='ocrx_word' id='word_1_9' title='bbox 478 807 511 822; x_wconf 90' lang='grc'>..</span> <span class='ocrx_word' id='word_1_10' title='bbox 538 765 588 836; x_wconf 80' lang='grc' dir='ltr'>ηὐ-</span> <span class='ocrx_word' id='word_1_11' title='bbox 615 768 769 839; x_wconf 83' lang='lat' dir='ltr'>complexus</span> <span class='ocrx_word' id='word_1_12' title='bbox 783 809 789 821; x_wconf 92' lang='lat'><strong>.</strong></span> <span class='ocrx_word' id='word_1_13' title='bbox 805 811 811 823; x_wconf 88' lang='lat'>.</span> <span class='ocrx_word' id='word_1_14' title='bbox 827 809 832 822; x_wconf 93' lang='lat'>.</span> <span class='ocrx_word' id='word_1_15' title='bbox 848 767 988 822; x_wconf 87' lang='lat' dir='ltr'>benedicc-</span> <span class='ocrx_word' id='word_1_16' title='bbox 1016 766 1186 837; x_wconf 88' lang='lat' dir='ltr'>complexans</span> <span class='ocrx_word' id='word_1_17' title='bbox 1211 810 1216 822; x_wconf 95' lang='lat'>.</span> <span class='ocrx_word' id='word_1_18' title='bbox 1241 808 1247 820; x_wconf 91' lang='lat'>.</span> <span class='ocrx_word' id='word_1_19' title='bbox 1274 808 1280 819; x_wconf 92' lang='lat'>.</span> <span class='ocrx_word' id='word_1_20' title='bbox 1306 767 1388 823; x_wconf 91' lang='lat' dir='ltr'>bene·</span> 
     </span>
    </p>
   </div>
   <div class='ocr_carea' id='block_1_3' title="bbox 215 855 1392 2000">
    <p class='ocr_par' dir='ltr' id='par_1_3' title="bbox 215 855 1392 2000">
     <span class='ocr_line' id='line_1_5' title="bbox 215 855 1127 932; baseline -0.002 -18"><span class='ocrx_word' id='word_1_21' title='bbox 215 856 301 932; x_wconf 72' lang='grc' dir='ltr'><strong><em>ιόγιι.</em></strong></span> <span class='ocrx_word' id='word_1_22' title='bbox 615 858 667 914; x_wconf 89' lang='lat' dir='ltr'>bat.</span> <span class='ocrx_word' id='word_1_23' title='bbox 1015 855 1127 912; x_wconf 83' lang='lat' dir='ltr'>dicebat</span> 
     </span>
     <span class='ocr_line' id='line_1_6' title="bbox 328 949 476 1016; baseline 0.007 -12"><span class='ocrx_word' id='word_1_24' title='bbox 328 949 404 1004; x_wconf 86' lang='lat' dir='ltr'>Rom.</span> <span class='ocrx_word' id='word_1_25' title='bbox 424 950 476 1016; x_wconf 82' lang='grc'><strong>7,3.</strong></span> 
     </span>
     <span class='ocr_line' id='line_1_7' title="bbox 215 1034 1389 1112; baseline -0.001 -18"><span class='ocrx_word' id='word_1_26' title='bbox 215 1043 371 1111; x_wconf 77' lang='grc' dir='ltr'><strong><em>γενομένην</em></strong></span> <span class='ocrx_word' id='word_1_27' title='bbox 394 1037 478 1112; x_wconf 72' lang='grc' dir='ltr'><strong><em>ἀνδρὶ</em></strong></span> <span class='ocrx_word' id='word_1_28' title='bbox 496 1039 588 1108; x_wconf 74' lang='grc' dir='ltr'><strong><em>ἑτέρῳ.</em></strong></span> <span class='ocrx_word' id='word_1_29' title='bbox 616 1036 661 1093; x_wconf 83' lang='lat' dir='ltr'>alii</span> <span class='ocrx_word' id='word_1_30' title='bbox 679 1037 827 1092; x_wconf 86' lang='lat' dir='ltr'>coniuncta.</span> <span class='ocrx_word' id='word_1_31' title='bbox 1015 1035 1039 1088; x_wconf 87' lang='lat' dir='ltr'>si</span> <span class='ocrx_word' id='word_1_32' title='bbox 1063 1034 1146 1089; x_wconf 84' lang='lat' dir='ltr'>fuerit</span> <span class='ocrx_word' id='word_1_33' title='bbox 1168 1052 1229 1090; x_wconf 80' lang='lat' dir='ltr'>cunr</span> <span class='ocrx_word' id='word_1_34' title='bbox 1254 1035 1305 1091; x_wconf 85' lang='lat' dir='ltr'>alio</span> <span class='ocrx_word' id='word_1_35' title='bbox 1323 1036 1389 1094; x_wconf 76' lang='lat' dir='ltr'>viro·</span> 
     </span>
     <span class='ocr_line' id='line_1_8' title="bbox 328 1162 1390 1251; baseline -0.003 -20"><span class='ocrx_word' id='word_1_36' title='bbox 328 1166 391 1231; x_wconf 88' lang='lat' dir='ltr'>Pro</span> <span class='ocrx_word' id='word_1_37' title='bbox 414 1166 644 1251; x_wconf 89' lang='lat' dir='ltr'>participio</span> <span class='ocrx_word' id='word_1_38' title='bbox 668 1185 744 1231; x_wconf 91' lang='lat' dir='ltr'>aor.</span> <span class='ocrx_word' id='word_1_39' title='bbox 773 1169 845 1230; x_wconf 88' lang='lat' dir='ltr'>aot</span> <span class='ocrx_word' id='word_1_40' title='bbox 870 1164 934 1229; x_wconf 85' lang='lat' dir='ltr'>rel</span> <span class='ocrx_word' id='word_1_41' title='bbox 964 1162 1060 1228; x_wconf 92' lang='lat' dir='ltr'>med.</span> <span class='ocrx_word' id='word_1_42' title='bbox 1091 1164 1270 1230; x_wconf 89' lang='lat' dir='ltr'>articulo</span> <span class='ocrx_word' id='word_1_43' title='bbox 1303 1163 1390 1228; x_wconf 91' lang='lat' dir='ltr'>adi·</span> 
     </span>
     <span class='ocr_line' id='line_1_9' title="bbox 217 1271 1391 1357; baseline -0.002 -19"><span class='ocrx_word' id='word_1_44' title='bbox 217 1277 340 1339; x_wconf 91' lang='lat' dir='ltr'>uncto</span> <span class='ocrx_word' id='word_1_45' title='bbox 379 1272 459 1338; x_wconf 90' lang='lat' dir='ltr'>ltala</span> <span class='ocrx_word' id='word_1_46' title='bbox 495 1276 526 1339; x_wconf 92' lang='lat' dir='ltr'>et</span> <span class='ocrx_word' id='word_1_47' title='bbox 561 1272 698 1357; x_wconf 80' lang='lat' dir='ltr'>Vulgata</span> <span class='ocrx_word' id='word_1_48' title='bbox 731 1292 858 1356; x_wconf 87' lang='lat' dir='ltr'>semper</span> <span class='ocrx_word' id='word_1_49' title='bbox 895 1271 1252 1336; x_wconf 75' lang='lat' dir='ltr'>constructionem</span> <span class='ocrx_word' id='word_1_50' title='bbox 1284 1273 1391 1337; x_wconf 90' lang='lat' dir='ltr'>rela-</span> 
     </span>
     <span class='ocr_line' id='line_1_10' title="bbox 216 1377 1390 1464; baseline -0.001 -19"><span class='ocrx_word' id='word_1_51' title='bbox 216 1382 340 1445; x_wconf 86' lang='lat' dir='ltr'>tivam</span> <span class='ocrx_word' id='word_1_52' title='bbox 364 1380 574 1447; x_wconf 88' lang='lat' dir='ltr'>reddiderunt</span> <span class='ocrx_word' id='word_1_53' title='bbox 597 1380 671 1463; x_wconf 83' lang='lat' dir='ltr'>(vid.</span> <span class='ocrx_word' id='word_1_54' title='bbox 695 1400 742 1461; x_wconf 76' lang='lat' dir='ltr'>ea,</span> <span class='ocrx_word' id='word_1_55' title='bbox 766 1399 848 1463; x_wconf 90' lang='lat' dir='ltr'>quae</span> <span class='ocrx_word' id='word_1_56' title='bbox 872 1377 1031 1462; x_wconf 86' lang='lat' dir='ltr'>saprade</span> <span class='ocrx_word' id='word_1_57' title='bbox 1059 1378 1192 1442; x_wconf 87' lang='lat' dir='ltr'>articulo</span> <span class='ocrx_word' id='word_1_58' title='bbox 1222 1379 1390 1464; x_wconf 84' lang='lat' dir='ltr'>participio</span> 
     </span>
     <span class='ocr_line' id='line_1_11' title="bbox 217 1487 1392 1572; baseline -0.003 -20"><span class='ocrx_word' id='word_1_59' title='bbox 217 1488 324 1553; x_wconf 91' lang='lat' dir='ltr'>addito</span> <span class='ocrx_word' id='word_1_60' title='bbox 348 1488 438 1570; x_wconf 83' lang='lat' dir='ltr'><strong>dixi),</strong></span> <span class='ocrx_word' id='word_1_61' title='bbox 461 1495 517 1552; x_wconf 91' lang='lat' dir='ltr'>aut</span> <span class='ocrx_word' id='word_1_62' title='bbox 539 1493 682 1572; x_wconf 90' lang='lat' dir='ltr'>ternpore</span> <span class='ocrx_word' id='word_1_63' title='bbox 704 1487 846 1571; x_wconf 82' lang='lat' dir='ltr'>perlecto</span> <span class='ocrx_word' id='word_1_64' title='bbox 870 1491 934 1567; x_wconf 75' lang='lat' dir='ltr'>ant,</span> <span class='ocrx_word' id='word_1_65' title='bbox 961 1487 989 1549; x_wconf 88' lang='lat' dir='ltr'>si</span> <span class='ocrx_word' id='word_1_66' title='bbox 1019 1487 1053 1548; x_wconf 92' lang='lat' dir='ltr'>in</span> <span class='ocrx_word' id='word_1_67' title='bbox 1083 1487 1243 1551; x_wconf 89' lang='lat' dir='ltr'>sententia</span> <span class='ocrx_word' id='word_1_68' title='bbox 1272 1488 1392 1570; x_wconf 88' lang='lat' dir='ltr'>prinoi-</span> 
     </span>
     <span class='ocr_line' id='line_1_12' title="bbox 216 1593 1392 1680; baseline -0.001 -21"><span class='ocrx_word' id='word_1_69' title='bbox 216 1596 281 1680; x_wconf 90' lang='lat' dir='ltr'>pali</span> <span class='ocrx_word' id='word_1_70' title='bbox 303 1597 446 1659; x_wconf 86' lang='lat' dir='ltr'>futurum</span> <span class='ocrx_word' id='word_1_71' title='bbox 470 1597 607 1679; x_wconf 89' lang='lat' dir='ltr'>primurn</span> <span class='ocrx_word' id='word_1_72' title='bbox 634 1599 879 1678; x_wconf 76' lang='lat' dir='ltr'>usurpaverant,</span> <span class='ocrx_word' id='word_1_73' title='bbox 910 1593 1017 1657; x_wconf 87' lang='lat' dir='ltr'>tuturo</span> <span class='ocrx_word' id='word_1_74' title='bbox 1046 1597 1160 1658; x_wconf 85' lang='lat' dir='ltr'>exacto</span> <span class='ocrx_word' id='word_1_75' title='bbox 1190 1613 1275 1676; x_wconf 89' lang='lat' dir='ltr'>usae,</span> <span class='ocrx_word' id='word_1_76' title='bbox 1306 1595 1392 1678; x_wconf 88' lang='lat' dir='ltr'>qnod</span> 
     </span>
     <span class='ocr_line' id='line_1_13' title="bbox 216 1691 1391 1787; baseline -0.001 -21"><span class='ocrx_word' id='word_1_77' title='bbox 216 1704 335 1768; x_wconf 82' lang='lat' dir='ltr'>factum</span> <span class='ocrx_word' id='word_1_78' title='bbox 370 1707 419 1768; x_wconf 84' lang='lat' dir='ltr'>est</span> <span class='ocrx_word' id='word_1_79' title='bbox 450 1701 565 1787; x_wconf 84' lang='lat' dir='ltr'>Ephes.</span> <span class='ocrx_word' id='word_1_80' title='bbox 594 1704 668 1783; x_wconf 80' lang='lat'>2,14</span> <span class='ocrx_word' id='word_1_81' title='bbox 701 1694 801 1777; x_wconf 77' lang='grc' dir='ltr'><strong><em>αὐτὸς</em></strong></span> <span class='ocrx_word' id='word_1_82' title='bbox 833 1696 897 1787; x_wconf 77' lang='grc' dir='ltr'>γάρ</span> <span class='ocrx_word' id='word_1_83' title='bbox 927 1698 1015 1765; x_wconf 78' lang='grc' dir='ltr'><strong><em>ἔστιν</em></strong></span> <span class='ocrx_word' id='word_1_84' title='bbox 1046 1691 1064 1787; x_wconf 86' lang='grc' dir='ltr'><strong><em>ή</em></strong></span> <span class='ocrx_word' id='word_1_85' title='bbox 1096 1692 1207 1787; x_wconf 76' lang='grc' dir='ltr'><strong><em>εἰρήνη</em></strong></span> <span class='ocrx_word' id='word_1_86' title='bbox 1239 1694 1340 1786; x_wconf 83' lang='grc' dir='ltr'><strong><em>ήμῶν,</em></strong></span> <span class='ocrx_word' id='word_1_87' title='bbox 1373 1696 1391 1765; x_wconf 77' lang='grc' dir='ltr'><em>ὃ</em></span> 
     </span>
     <span class='ocr_line' id='line_1_14' title="bbox 218 1802 1392 1896; baseline 0 -23"><span class='ocrx_word' id='word_1_88' title='bbox 218 1805 364 1894; x_wconf 78' lang='grc' dir='ltr'><strong><em>ποιήσας</em></strong></span> <span class='ocrx_word' id='word_1_89' title='bbox 385 1805 427 1872; x_wconf 82' lang='grc' dir='ltr'>τὰ</span> <span class='ocrx_word' id='word_1_90' title='bbox 451 1802 625 1896; x_wconf 74' lang='grc' dir='ltr'><strong><em>ἀμφότερα</em></strong></span> <span class='ocrx_word' id='word_1_91' title='bbox 649 1804 692 1881; x_wconf 68' lang='grc' dir='ltr'><strong><em>ἓν,</em></strong></span> <span class='ocrx_word' id='word_1_92' title='bbox 715 1809 752 1872; x_wconf 87' lang='lat' dir='ltr'>It</span> <span class='ocrx_word' id='word_1_93' title='bbox 774 1815 806 1873; x_wconf 90' lang='lat' dir='ltr'>et</span> <span class='ocrx_word' id='word_1_94' title='bbox 821 1807 915 1891; x_wconf 84' lang='lat' dir='ltr'>Vulg.</span> <span class='ocrx_word' id='word_1_95' title='bbox 936 1808 1005 1890; x_wconf 90' lang='lat' dir='ltr'>ipse</span> <span class='ocrx_word' id='word_1_96' title='bbox 1027 1813 1075 1872; x_wconf 91' lang='lat' dir='ltr'>est</span> <span class='ocrx_word' id='word_1_97' title='bbox 1090 1809 1177 1871; x_wconf 89' lang='lat' dir='ltr'>enim</span> <span class='ocrx_word' id='word_1_98' title='bbox 1193 1827 1257 1892; x_wconf 87' lang='lat' dir='ltr'>pax</span> <span class='ocrx_word' id='word_1_99' title='bbox 1274 1815 1392 1891; x_wconf 75' lang='lat' dir='ltr'>nostra,</span> 
     </span>
     <span class='ocr_line' id='line_1_15' title="bbox 218 1914 1168 2000; baseline -0.001 -21"><span class='ocrx_word' id='word_1_100' title='bbox 218 1916 286 1999; x_wconf 92' lang='lat' dir='ltr'>qui</span> <span class='ocrx_word' id='word_1_101' title='bbox 309 1916 414 1982; x_wconf 86' lang='lat' dir='ltr'>iecit</span> <span class='ocrx_word' id='word_1_102' title='bbox 437 1925 571 2000; x_wconf 91' lang='lat' dir='ltr'>utraque</span> <span class='ocrx_word' id='word_1_103' title='bbox 594 1936 706 1997; x_wconf 89' lang='lat' dir='ltr'>unum,</span> <span class='ocrx_word' id='word_1_104' title='bbox 730 1915 840 1980; x_wconf 89' lang='lat' dir='ltr'>Matth.</span> <span class='ocrx_word' id='word_1_105' title='bbox 865 1916 947 1996; x_wconf 71' lang='lat' dir='ltr'>lat.</span> <span class='ocrx_word' id='word_1_106' title='bbox 992 1914 1061 1980; x_wconf 86' lang='lat' dir='ltr'>Jac.</span> <span class='ocrx_word' id='word_1_107' title='bbox 1085 1916 1168 1996; x_wconf 86' lang='lat'><strong>2,13.</strong></span> 
     </span>
    </p>
   </div>
   <div class='ocr_carea' id='block_1_4' title="bbox 219 2058 1395 2680">
    <p class='ocr_par' dir='ltr' id='par_1_4' title="bbox 219 2058 1395 2680">
     <span class='ocr_line' id='line_1_16' title="bbox 330 2058 1393 2143; baseline 0.002 -21"><span class='ocrx_word' id='word_1_108' title='bbox 330 2059 453 2136; x_wconf 83' lang='lat' dir='ltr'><strong>Quibus</strong></span> <span class='ocrx_word' id='word_1_109' title='bbox 476 2060 634 2143; x_wconf 82' lang='lat' dir='ltr'>exemplis</span> <span class='ocrx_word' id='word_1_110' title='bbox 657 2059 720 2123; x_wconf 88' lang='lat' dir='ltr'>duo</span> <span class='ocrx_word' id='word_1_111' title='bbox 743 2060 805 2124; x_wconf 91' lang='lat' dir='ltr'>loci</span> <span class='ocrx_word' id='word_1_112' title='bbox 830 2058 970 2122; x_wconf 86' lang='lat' dir='ltr'>addendi</span> <span class='ocrx_word' id='word_1_113' title='bbox 995 2058 1145 2122; x_wconf 86' lang='lat' dir='ltr'>videntur</span> <span class='ocrx_word' id='word_1_114' title='bbox 1168 2077 1246 2141; x_wconf 88' lang='lat' dir='ltr'>esse,</span> <span class='ocrx_word' id='word_1_115' title='bbox 1277 2060 1393 2143; x_wconf 89' lang='lat' dir='ltr'>quibus</span> 
     </span>
     <span class='ocr_line' id='line_1_17' title="bbox 219 2165 1393 2256; baseline 0.001 -25"><span class='ocrx_word' id='word_1_116' title='bbox 219 2171 344 2250; x_wconf 87' lang='lat' dir='ltr'>tempus</span> <span class='ocrx_word' id='word_1_117' title='bbox 385 2167 610 2250; x_wconf 83' lang='lat' dir='ltr'>imperfectum</span> <span class='ocrx_word' id='word_1_118' title='bbox 646 2166 697 2231; x_wconf 85' lang='lat' dir='ltr'>vel</span> <span class='ocrx_word' id='word_1_119' title='bbox 736 2167 1086 2256; x_wconf 78' lang='lat' dir='ltr'>plusquamperfectum</span> <span class='ocrx_word' id='word_1_120' title='bbox 1121 2165 1255 2249; x_wconf 89' lang='lat' dir='ltr'>perfecti</span> <span class='ocrx_word' id='word_1_121' title='bbox 1289 2168 1393 2232; x_wconf 80' lang='lat' dir='ltr'>vicem</span> 
     </span>
     <span class='ocr_line' id='line_1_18' title="bbox 219 2267 1394 2358; baseline 0.002 -21"><span class='ocrx_word' id='word_1_122' title='bbox 219 2277 372 2358; x_wconf 81' lang='lat' dir='ltr'>praestat:</span> <span class='ocrx_word' id='word_1_123' title='bbox 412 2273 522 2337; x_wconf 88' lang='lat' dir='ltr'>Matth.</span> <span class='ocrx_word' id='word_1_124' title='bbox 563 2275 654 2354; x_wconf 58' lang='lat'>1831</span> <span class='ocrx_word' id='word_1_125' title='bbox 696 2269 821 2349; x_wconf 76' lang='grc' dir='ltr'>ἰδόντες</span> <span class='ocrx_word' id='word_1_126' title='bbox 845 2319 853 2334; x_wconf 93' lang='grc'><strong>.</strong></span> <span class='ocrx_word' id='word_1_127' title='bbox 880 2319 888 2334; x_wconf 89' lang='grc'><strong>.</strong></span> <span class='ocrx_word' id='word_1_128' title='bbox 916 2320 923 2335; x_wconf 92' lang='grc'><strong>.</strong></span> <span class='ocrx_word' id='word_1_129' title='bbox 957 2270 998 2337; x_wconf 84' lang='grc' dir='ltr'>τὰ</span> <span class='ocrx_word' id='word_1_130' title='bbox 1036 2267 1203 2358; x_wconf 75' lang='grc' dir='ltr'><strong><em>γενόμενα,</em></strong></span> <span class='ocrx_word' id='word_1_131' title='bbox 1240 2273 1394 2358; x_wconf 72' lang='lat' dir='ltr'>ridentes</span> 
     </span>
     <span class='ocr_line' id='line_1_19' title="bbox 220 2375 1395 2467; baseline 0.002 -23"><span class='ocrx_word' id='word_1_132' title='bbox 220 2401 302 2464; x_wconf 91' lang='lat' dir='ltr'>quae</span> <span class='ocrx_word' id='word_1_133' title='bbox 336 2380 514 2463; x_wconf 83' lang='lat' dir='ltr'>fiebant,</span> <span class='ocrx_word' id='word_1_134' title='bbox 548 2378 624 2443; x_wconf 87' lang='lat' dir='ltr'><strong>ibid.</strong></span> <span class='ocrx_word' id='word_1_135' title='bbox 660 2377 867 2466; x_wconf 70' lang='grc' dir='ltr'><strong><em>διεσάφησαν</em></strong></span> <span class='ocrx_word' id='word_1_136' title='bbox 900 2375 942 2444; x_wconf 81' lang='grc' dir='ltr'>τὰ</span> <span class='ocrx_word' id='word_1_137' title='bbox 972 2375 1140 2464; x_wconf 75' lang='grc' dir='ltr'><strong><em>γενόμενα,</em></strong></span> <span class='ocrx_word' id='word_1_138' title='bbox 1177 2388 1395 2467; x_wconf 82' lang='lat' dir='ltr'>narraverunt,</span> 
     </span>
     <span class='ocr_line' id='line_1_20' title="bbox 220 2476 1393 2572; baseline 0.001 -20"><span class='ocrx_word' id='word_1_139' title='bbox 220 2508 302 2572; x_wconf 87' lang='lat' dir='ltr'>quac</span> <span class='ocrx_word' id='word_1_140' title='bbox 325 2488 437 2553; x_wconf 78' lang='lat' dir='ltr'>facta</span> <span class='ocrx_word' id='word_1_141' title='bbox 458 2487 642 2567; x_wconf 79' lang='lat' dir='ltr'>fuerant3</span> <span class='ocrx_word' id='word_1_142' title='bbox 693 2485 770 2551; x_wconf 91' lang='lat' dir='ltr'>Luc.</span> <span class='ocrx_word' id='word_1_143' title='bbox 803 2487 898 2568; x_wconf 61' lang='lat'>1836</span> <span class='ocrx_word' id='word_1_144' title='bbox 929 2476 1029 2551; x_wconf 80' lang='grc' dir='ltr'><strong><em>εἶπαν</em></strong></span> <span class='ocrx_word' id='word_1_145' title='bbox 1059 2483 1096 2549; x_wconf 79' lang='grc' dir='ltr'>δὲ</span> <span class='ocrx_word' id='word_1_146' title='bbox 1129 2478 1161 2548; x_wconf 77' lang='grc' dir='ltr'>οὶ</span> <span class='ocrx_word' id='word_1_147' title='bbox 1183 2479 1393 2566; x_wconf 70' lang='grc' dir='ltr'><strong><em>ἀκούσαντες,</em></strong></span> 
     </span>
     <span class='ocr_line' id='line_1_21' title="bbox 220 2594 774 2680; baseline -0.007 -18"><span class='ocrx_word' id='word_1_148' title='bbox 220 2603 252 2662; x_wconf 90' lang='lat' dir='ltr'>et</span> <span class='ocrx_word' id='word_1_149' title='bbox 275 2597 436 2680; x_wconf 69' lang='lat' dir='ltr'>dixerunt,</span> <span class='ocrx_word' id='word_1_150' title='bbox 460 2597 515 2679; x_wconf 91' lang='lat' dir='ltr'>qui</span> <span class='ocrx_word' id='word_1_151' title='bbox 539 2594 774 2661; x_wconf 85' lang='lat' dir='ltr'>audiebant</span> 
     </span>
    </p>
   </div>
   <div class='ocr_carea' id='block_1_5' title="bbox 221 2728 1395 2933">
    <p class='ocr_par' dir='ltr' id='par_1_5' title="bbox 221 2728 1395 2933">
     <span class='ocr_line' id='line_1_22' title="bbox 332 2728 1395 2823; baseline -0.001 -19"><span class='ocrx_word' id='word_1_152' title='bbox 332 2740 445 2805; x_wconf 81' lang='lat' dir='ltr'>Futun&#39;</span> <span class='ocrx_word' id='word_1_153' title='bbox 477 2740 517 2803; x_wconf 91' lang='grc' dir='ltr'>Π.</span> <span class='ocrx_word' id='word_1_154' title='bbox 550 2738 734 2823; x_wconf 82' lang='lat' dir='ltr'>exemplum</span> <span class='ocrx_word' id='word_1_155' title='bbox 764 2738 864 2802; x_wconf 80' lang='lat' dir='ltr'>aliero</span> <span class='ocrx_word' id='word_1_156' title='bbox 895 2736 963 2800; x_wconf 83' lang='lat' dir='ltr'>Gal.</span> <span class='ocrx_word' id='word_1_157' title='bbox 993 2739 1066 2820; x_wconf 84' lang='lat'><strong>3‚12</strong></span> <span class='ocrx_word' id='word_1_158' title='bbox 1097 2728 1115 2797; x_wconf 73' lang='grc' dir='ltr'>ὁ</span> <span class='ocrx_word' id='word_1_159' title='bbox 1141 2731 1287 2823; x_wconf 78' lang='grc' dir='ltr'><strong><em>ποιήσας</em></strong></span> <span class='ocrx_word' id='word_1_160' title='bbox 1311 2731 1395 2803; x_wconf 78' lang='grc' dir='ltr'><strong><em>αὐτὰ</em></strong></span> 
     </span>
     <span class='ocr_line' id='line_1_23' title="bbox 221 2841 1283 2933; baseline -0.003 -21"><span class='ocrx_word' id='word_1_161' title='bbox 221 2841 364 2933; x_wconf 83' lang='grc' dir='ltr'><strong><em>ζήσεται,</em></strong></span> <span class='ocrx_word' id='word_1_162' title='bbox 390 2867 474 2911; x_wconf 90' lang='lat' dir='ltr'>nova</span> <span class='ocrx_word' id='word_1_163' title='bbox 496 2848 608 2930; x_wconf 79' lang='lat' dir='ltr'>fragm.</span> <span class='ocrx_word' id='word_1_164' title='bbox 632 2846 669 2909; x_wconf 90' lang='lat' dir='ltr'>lt</span> <span class='ocrx_word' id='word_1_165' title='bbox 693 2848 725 2910; x_wconf 90' lang='lat' dir='ltr'>et</span> <span class='ocrx_word' id='word_1_166' title='bbox 747 2844 842 2927; x_wconf 83' lang='lat' dir='ltr'>Vulg.</span> <span class='ocrx_word' id='word_1_167' title='bbox 865 2845 920 2927; x_wconf 87' lang='lat' dir='ltr'>qui</span> <span class='ocrx_word' id='word_1_168' title='bbox 943 2844 1097 2909; x_wconf 87' lang='lat' dir='ltr'>iecerit</span> <span class='ocrx_word' id='word_1_169' title='bbox 1119 2863 1166 2926; x_wconf 78' lang='lat' dir='ltr'>ea,</span> <span class='ocrx_word' id='word_1_170' title='bbox 1189 2845 1283 2909; x_wconf 82' lang='lat' dir='ltr'>vivet</span> 
     </span>
    </p>
   </div>
   <div class='ocr_carea' id='block_1_6' title="bbox 222 2987 1394 3182">
    <p class='ocr_par' dir='ltr' id='par_1_6' title="bbox 222 2987 1394 3182">
     <span class='ocr_line' id='line_1_24' title="bbox 331 2987 1394 3075; baseline -0.002 -22"><span class='ocrx_word' id='word_1_171' title='bbox 331 2989 577 3075; x_wconf 89' lang='lat' dir='ltr'>Participiorum</span> <span class='ocrx_word' id='word_1_172' title='bbox 602 3008 666 3053; x_wconf 89' lang='lat' dir='ltr'>aor.</span> <span class='ocrx_word' id='word_1_173' title='bbox 690 2987 927 3054; x_wconf 85' lang='lat' dir='ltr'>constructione</span> <span class='ocrx_word' id='word_1_174' title='bbox 948 2987 1082 3052; x_wconf 82' lang='lat' dir='ltr'>relativa</span> <span class='ocrx_word' id='word_1_175' title='bbox 1096 2992 1238 3070; x_wconf 88' lang='lat' dir='ltr'>tempore</span> <span class='ocrx_word' id='word_1_176' title='bbox 1253 2988 1394 3071; x_wconf 86' lang='lat' dir='ltr'>perlecto</span> 
     </span>
     <span class='ocr_line' id='line_1_25' title="bbox 222 3093 1223 3182; baseline -0.001 -23"><span class='ocrx_word' id='word_1_177' title='bbox 222 3095 362 3162; x_wconf 84' lang='lat' dir='ltr'>adhibito</span> <span class='ocrx_word' id='word_1_178' title='bbox 386 3117 609 3182; x_wconf 84' lang='lat' dir='ltr'>expressorum</span> <span class='ocrx_word' id='word_1_179' title='bbox 634 3096 706 3180; x_wconf 87' lang='lat' dir='ltr'>plus</span> <span class='ocrx_word' id='word_1_180' title='bbox 729 3096 896 3178; x_wconf 79' lang='lat' dir='ltr'>sexaginta</span> <span class='ocrx_word' id='word_1_181' title='bbox 918 3096 1044 3178; x_wconf 84' lang='lat' dir='ltr'>repperi</span> <span class='ocrx_word' id='word_1_182' title='bbox 1068 3093 1223 3178; x_wconf 85' lang='lat' dir='ltr'>exempla.</span> 
     </span>
    </p>
   </div>
   <div class='ocr_carea' id='block_1_7' title="bbox 220 3230 1396 3643">
    <p class='ocr_par' dir='ltr' id='par_1_7' title="bbox 220 3230 1396 3643">
     <span class='ocr_line' id='line_1_26' title="bbox 333 3230 1395 3327; baseline 0 -23"><span class='ocrx_word' id='word_1_183' title='bbox 333 3240 407 3304; x_wconf 91' lang='lat' dir='ltr'>Uno</span> <span class='ocrx_word' id='word_1_184' title='bbox 431 3246 555 3304; x_wconf 87' lang='lat' dir='ltr'>tantum</span> <span class='ocrx_word' id='word_1_185' title='bbox 580 3241 649 3304; x_wconf 89' lang='lat' dir='ltr'>loco</span> <span class='ocrx_word' id='word_1_186' title='bbox 673 3240 763 3304; x_wconf 87' lang='lat' dir='ltr'>Rom.</span> <span class='ocrx_word' id='word_1_187' title='bbox 789 3239 860 3318; x_wconf 84' lang='lat'>1,25</span> <span class='ocrx_word' id='word_1_188' title='bbox 885 3230 1088 3321; x_wconf 77' lang='grc' dir='ltr'><strong><em>ἐλάτρευσαν</em></strong></span> <span class='ocrx_word' id='word_1_189' title='bbox 1109 3239 1152 3323; x_wconf 78' lang='grc' dir='ltr'>τῇ</span> <span class='ocrx_word' id='word_1_190' title='bbox 1173 3234 1277 3303; x_wconf 81' lang='grc' dir='ltr'><strong><em>κτίσει</em></strong></span> <span class='ocrx_word' id='word_1_191' title='bbox 1301 3237 1395 3327; x_wconf 78' lang='grc' dir='ltr'><strong><em>παρὰ</em></strong></span> 
     </span>
     <span class='ocr_line' id='line_1_27' title="bbox 221 3342 1395 3428; baseline 0.001 -18"><span class='ocrx_word' id='word_1_192' title='bbox 221 3342 278 3410; x_wconf 81' lang='grc' dir='ltr'>τὸν</span> <span class='ocrx_word' id='word_1_193' title='bbox 300 3342 467 3419; x_wconf 78' lang='grc' dir='ltr'><strong><em>κτίσαντα,</em></strong></span> <span class='ocrx_word' id='word_1_194' title='bbox 492 3346 529 3410; x_wconf 86' lang='lat' dir='ltr'>It</span> <span class='ocrx_word' id='word_1_195' title='bbox 553 3348 728 3412; x_wconf 83' lang='lat' dir='ltr'>servientes</span> <span class='ocrx_word' id='word_1_196' title='bbox 766 3384 800 3394; x_wconf 97' lang='lat'><em>-</em></span> <span class='ocrx_word' id='word_1_197' title='bbox 833 3344 927 3428; x_wconf 85' lang='lat' dir='ltr'>Vulg.</span> <span class='ocrx_word' id='word_1_198' title='bbox 950 3344 1129 3407; x_wconf 86' lang='lat' dir='ltr'>servierunt</span> <span class='ocrx_word' id='word_1_199' title='bbox 1158 3381 1199 3395; x_wconf 92' lang='lat'><em>-</em></span> <span class='ocrx_word' id='word_1_200' title='bbox 1232 3350 1395 3411; x_wconf 84' lang='lat' dir='ltr'>creaturae</span> 
     </span>
     <span class='ocr_line' id='line_1_28' title="bbox 220 3451 1396 3537; baseline 0 -20"><span class='ocrx_word' id='word_1_201' title='bbox 220 3454 327 3536; x_wconf 88' lang='lat' dir='ltr'>potius</span> <span class='ocrx_word' id='word_1_202' title='bbox 359 3473 453 3537; x_wconf 89' lang='lat' dir='ltr'>quam</span> <span class='ocrx_word' id='word_1_203' title='bbox 485 3457 627 3535; x_wconf 85' lang='lat' dir='ltr'>creatori,</span> <span class='ocrx_word' id='word_1_204' title='bbox 658 3455 823 3537; x_wconf 86' lang='lat' dir='ltr'>utriusque</span> <span class='ocrx_word' id='word_1_205' title='bbox 856 3451 1125 3534; x_wconf 89' lang='lat' dir='ltr'>interpretationis</span> <span class='ocrx_word' id='word_1_206' title='bbox 1152 3455 1298 3517; x_wconf 89' lang='lat' dir='ltr'>auctores</span> <span class='ocrx_word' id='word_1_207' title='bbox 1321 3453 1396 3517; x_wconf 91' lang='lat' dir='ltr'>sub·</span> 
     </span>
     <span class='ocr_line' id='line_1_29' title="bbox 221 3558 1395 3643; baseline 0.001 -19"><span class='ocrx_word' id='word_1_208' title='bbox 221 3561 359 3624; x_wconf 86' lang='lat' dir='ltr'>stantivo</span> <span class='ocrx_word' id='word_1_209' title='bbox 381 3562 429 3623; x_wconf 89' lang='lat' dir='ltr'>usi</span> <span class='ocrx_word' id='word_1_210' title='bbox 451 3566 535 3643; x_wconf 76' lang='lat' dir='ltr'>sunt,</span> <span class='ocrx_word' id='word_1_211' title='bbox 558 3566 595 3624; x_wconf 91' lang='lat' dir='ltr'>ut</span> <span class='ocrx_word' id='word_1_212' title='bbox 614 3561 776 3626; x_wconf 90' lang='lat' dir='ltr'>contentio</span> <span class='ocrx_word' id='word_1_213' title='bbox 798 3564 830 3624; x_wconf 91' lang='lat' dir='ltr'>et</span> <span class='ocrx_word' id='word_1_214' title='bbox 845 3558 1038 3641; x_wconf 89' lang='lat' dir='ltr'>comparatio</span> <span class='ocrx_word' id='word_1_215' title='bbox 1055 3558 1168 3622; x_wconf 89' lang='lat' dir='ltr'>melius</span> <span class='ocrx_word' id='word_1_216' title='bbox 1183 3559 1395 3643; x_wconf 84' lang='lat' dir='ltr'>intellegatur.</span> 
     </span>
    </p>
   </div>
   <div class='ocr_carea' id='block_1_8' title="bbox 221 3700 1395 4003">
    <p class='ocr_par' dir='ltr' id='par_1_8' title="bbox 221 3700 1395 4003">
     <span class='ocr_line' id='line_1_30' title="bbox 332 3700 1395 3787; baseline 0.001 -20"><span class='ocrx_word' id='word_1_217' title='bbox 332 3703 488 3767; x_wconf 81' lang='lat' dir='ltr'>Futurum</span> <span class='ocrx_word' id='word_1_218' title='bbox 512 3703 552 3768; x_wconf 89' lang='lat' dir='ltr'>Il.</span> <span class='ocrx_word' id='word_1_219' title='bbox 575 3703 723 3769; x_wconf 87' lang='lat' dir='ltr'>undecim</span> <span class='ocrx_word' id='word_1_220' title='bbox 746 3708 910 3787; x_wconf 90' lang='lat' dir='ltr'>praeterea</span> <span class='ocrx_word' id='word_1_221' title='bbox 928 3700 1009 3765; x_wconf 89' lang='lat' dir='ltr'>locis</span> <span class='ocrx_word' id='word_1_222' title='bbox 1029 3701 1107 3762; x_wconf 91' lang='lat' dir='ltr'>mihi</span> <span class='ocrx_word' id='word_1_223' title='bbox 1130 3703 1269 3765; x_wconf 89' lang='lat' dir='ltr'>occurrit</span> <span class='ocrx_word' id='word_1_224' title='bbox 1288 3703 1395 3769; x_wconf 85' lang='lat' dir='ltr'>futuro</span> 
     </span>
     <span class='ocr_line' id='line_1_31' title="bbox 221 3807 1394 3896; baseline 0 -21"><span class='ocrx_word' id='word_1_225' title='bbox 221 3812 324 3896; x_wconf 89' lang='lat' dir='ltr'>primo</span> <span class='ocrx_word' id='word_1_226' title='bbox 339 3812 374 3874; x_wconf 92' lang='lat' dir='ltr'>in</span> <span class='ocrx_word' id='word_1_227' title='bbox 390 3813 548 3876; x_wconf 88' lang='lat' dir='ltr'>sententia</span> <span class='ocrx_word' id='word_1_228' title='bbox 562 3810 732 3896; x_wconf 85' lang='lat' dir='ltr'>principali</span> <span class='ocrx_word' id='word_1_229' title='bbox 749 3815 900 3892; x_wconf 87' lang='lat' dir='ltr'>usurpato</span> <span class='ocrx_word' id='word_1_230' title='bbox 921 3812 953 3872; x_wconf 91' lang='lat' dir='ltr'>et</span> <span class='ocrx_word' id='word_1_231' title='bbox 973 3807 1097 3871; x_wconf 88' lang='lat' dir='ltr'>duobus</span> <span class='ocrx_word' id='word_1_232' title='bbox 1115 3808 1203 3892; x_wconf 76' lang='lat' dir='ltr'>locta,</span> <span class='ocrx_word' id='word_1_233' title='bbox 1226 3809 1342 3892; x_wconf 88' lang='lat' dir='ltr'>quibus</span> <span class='ocrx_word' id='word_1_234' title='bbox 1360 3812 1394 3875; x_wconf 94' lang='lat' dir='ltr'>in</span> 
     </span>
     <span class='ocr_line' id='line_1_32' title="bbox 223 3919 784 4003; baseline -0.004 -20"><span class='ocrx_word' id='word_1_235' title='bbox 223 3921 284 3984; x_wconf 90' lang='lat' dir='ltr'>hac</span> <span class='ocrx_word' id='word_1_236' title='bbox 307 3925 433 4002; x_wconf 90' lang='lat' dir='ltr'>tempus</span> <span class='ocrx_word' id='word_1_237' title='bbox 455 3938 607 4003; x_wconf 88' lang='lat' dir='ltr'>praesens</span> <span class='ocrx_word' id='word_1_238' title='bbox 630 3919 784 4002; x_wconf 89' lang='lat' dir='ltr'>legimus:</span> 
     </span>
    </p>
   </div>
   <div class='ocr_carea' id='block_1_9' title="bbox 224 4053 1395 4468">
    <p class='ocr_par' dir='ltr' id='par_1_9' title="bbox 224 4053 1395 4468">
     <span class='ocr_line' id='line_1_33' title="bbox 333 4053 1395 4146; baseline 0 -20"><span class='ocrx_word' id='word_1_239' title='bbox 333 4061 443 4126; x_wconf 89' lang='lat' dir='ltr'>Matth.</span> <span class='ocrx_word' id='word_1_240' title='bbox 476 4062 547 4145; x_wconf 81' lang='lat'>19,9</span> <span class='ocrx_word' id='word_1_241' title='bbox 578 4054 596 4126; x_wconf 77' lang='grc' dir='ltr'><em>ὃ</em></span> <span class='ocrx_word' id='word_1_242' title='bbox 627 4053 875 4146; x_wconf 73' lang='grc' dir='ltr'>ἀπολελυμένην</span> <span class='ocrx_word' id='word_1_243' title='bbox 898 4053 1049 4145; x_wconf 72' lang='grc' dir='ltr'><strong><em>γαμήσας</em></strong></span> <span class='ocrx_word' id='word_1_244' title='bbox 1070 4060 1238 4140; x_wconf 83' lang='grc' dir='ltr'><strong><em>μοιχᾶται,</em></strong></span> <span class='ocrx_word' id='word_1_245' title='bbox 1268 4063 1323 4143; x_wconf 91' lang='lat' dir='ltr'>qui</span> <span class='ocrx_word' id='word_1_246' title='bbox 1348 4062 1395 4126; x_wconf 92' lang='lat' dir='ltr'>di-</span> 
     </span>
     <span class='ocr_line' id='line_1_34' title="bbox 224 4157 1395 4255; baseline -0.003 -20"><span class='ocrx_word' id='word_1_247' title='bbox 224 4173 352 4235; x_wconf 87' lang='lat' dir='ltr'>missam</span> <span class='ocrx_word' id='word_1_248' title='bbox 377 4169 560 4252; x_wconf 83' lang='lat' dir='ltr'>duxerit,</span> <span class='ocrx_word' id='word_1_249' title='bbox 584 4170 785 4245; x_wconf 65' lang='lat' dir='ltr'>moechatum</span> <span class='ocrx_word' id='word_1_250' title='bbox 812 4168 839 4229; x_wconf 86' lang='lat'>1.</span> <span class='ocrx_word' id='word_1_251' title='bbox 861 4166 940 4229; x_wconf 74' lang='lat' dir='ltr'>rim.</span> <span class='ocrx_word' id='word_1_252' title='bbox 965 4166 1037 4246; x_wconf 85' lang='lat'>3,13</span> <span class='ocrx_word' id='word_1_253' title='bbox 1063 4157 1094 4226; x_wconf 74' lang='lat' dir='ltr'>oi</span> <span class='ocrx_word' id='word_1_254' title='bbox 1114 4163 1222 4242; x_wconf 77' lang='grc' dir='ltr'><strong><em>καλῶς</em></strong></span> <span class='ocrx_word' id='word_1_255' title='bbox 1242 4163 1395 4255; x_wconf 79' lang='grc' dir='ltr'><strong><em>διακονή-</em></strong></span> 
     </span>
     <span class='ocr_line' id='line_1_35' title="bbox 224 4271 1395 4364; baseline -0.003 -22"><span class='ocrx_word' id='word_1_256' title='bbox 224 4300 339 4355; x_wconf 84' lang='grc' dir='ltr'><strong><em>σαντες</em></strong></span> <span class='ocrx_word' id='word_1_257' title='bbox 363 4322 371 4338; x_wconf 90' lang='grc'><strong>.</strong></span> <span class='ocrx_word' id='word_1_258' title='bbox 397 4322 405 4338; x_wconf 90' lang='grc'><strong>.</strong></span> <span class='ocrx_word' id='word_1_259' title='bbox 432 4324 439 4339; x_wconf 92' lang='grc'><strong>.</strong></span> <span class='ocrx_word' id='word_1_260' title='bbox 466 4322 474 4337; x_wconf 86' lang='grc'><strong>.</strong></span> <span class='ocrx_word' id='word_1_261' title='bbox 500 4276 767 4364; x_wconf 77' lang='grc' dir='ltr'><strong><em>περιποιοῦνται,</em></strong></span> <span class='ocrx_word' id='word_1_262' title='bbox 800 4273 837 4336; x_wconf 91' lang='lat' dir='ltr'>It.</span> <span class='ocrx_word' id='word_1_263' title='bbox 867 4274 924 4356; x_wconf 90' lang='lat' dir='ltr'>qui</span> <span class='ocrx_word' id='word_1_264' title='bbox 947 4271 1030 4337; x_wconf 90' lang='lat' dir='ltr'>benc</span> <span class='ocrx_word' id='word_1_265' title='bbox 1053 4271 1303 4337; x_wconf 79' lang='lat' dir='ltr'>ministraverint</span> <span class='ocrx_word' id='word_1_266' title='bbox 1326 4323 1333 4337; x_wconf 90' lang='lat'><strong>.</strong></span> <span class='ocrx_word' id='word_1_267' title='bbox 1357 4325 1364 4339; x_wconf 87' lang='lat'><strong>.</strong></span> <span class='ocrx_word' id='word_1_268' title='bbox 1389 4325 1395 4339; x_wconf 92' lang='lat'><strong>.</strong></span> 
     </span>
     <span class='ocr_line' id='line_1_36' title="bbox 224 4382 725 4468; baseline -0.008 -20"><span class='ocrx_word' id='word_1_269' title='bbox 224 4384 407 4468; x_wconf 82' lang='lat' dir='ltr'>adquirunt,</span> <span class='ocrx_word' id='word_1_270' title='bbox 431 4382 525 4466; x_wconf 90' lang='lat' dir='ltr'>Vulg.</span> <span class='ocrx_word' id='word_1_271' title='bbox 548 4382 725 4466; x_wconf 90' lang='lat' dir='ltr'>acquirent.</span> 
     </span>
    </p>
   </div>
   <div class='ocr_carea' id='block_1_10' title="bbox 225 4521 1396 4723">
    <p class='ocr_par' dir='ltr' id='par_1_10' title="bbox 225 4521 1396 4723">
     <span class='ocr_line' id='line_1_37' title="bbox 337 4521 1396 4611; baseline -0.002 -16"><span class='ocrx_word' id='word_1_272' title='bbox 337 4531 518 4595; x_wconf 78' lang='lat' dir='ltr'>Perfectum</span> <span class='ocrx_word' id='word_1_273' title='bbox 541 4531 641 4593; x_wconf 81' lang='lat' dir='ltr'>futuri</span> <span class='ocrx_word' id='word_1_274' title='bbox 664 4529 705 4593; x_wconf 94' lang='lat' dir='ltr'>ll.</span> <span class='ocrx_word' id='word_1_275' title='bbox 730 4531 833 4593; x_wconf 86' lang='lat' dir='ltr'>vicem</span> <span class='ocrx_word' id='word_1_276' title='bbox 865 4531 1002 4611; x_wconf 83' lang='lat' dir='ltr'>praestat</span> <span class='ocrx_word' id='word_1_277' title='bbox 1027 4526 1099 4591; x_wconf 85' lang='lat' dir='ltr'>Jeh.</span> <span class='ocrx_word' id='word_1_278' title='bbox 1131 4527 1204 4609; x_wconf 65' lang='grc'>539</span> <span class='ocrx_word' id='word_1_279' title='bbox 1235 4521 1396 4611; x_wconf 78' lang='grc' dir='ltr'><strong><em>ἐκπορεύ-</em></strong></span> 
     </span>
     <span class='ocr_line' id='line_1_38' title="bbox 225 4625 1395 4723; baseline -0.006 -20"><span class='ocrx_word' id='word_1_280' title='bbox 225 4661 341 4704; x_wconf 89' lang='grc' dir='ltr'><strong><em>σονται</em></strong></span> <span class='ocrx_word' id='word_1_281' title='bbox 365 4634 396 4702; x_wconf 74' lang='grc' dir='ltr'>οἳ</span> <span class='ocrx_word' id='word_1_282' title='bbox 419 4635 461 4703; x_wconf 85' lang='grc' dir='ltr'>τὰ</span> <span class='ocrx_word' id='word_1_283' title='bbox 484 4631 600 4723; x_wconf 66' lang='grc' dir='ltr'><strong><em>ἀγαθὰ</em></strong></span> <span class='ocrx_word' id='word_1_284' title='bbox 623 4629 824 4721; x_wconf 84' lang='grc' dir='ltr'><strong><em>ποιήσαντες</em></strong></span> <span class='ocrx_word' id='word_1_285' title='bbox 847 4679 1006 4707; x_wconf 84' lang='grc'><strong>......</strong></span> <span class='ocrx_word' id='word_1_286' title='bbox 1031 4628 1064 4698; x_wconf 72' lang='grc' dir='ltr'>οἱ</span> <span class='ocrx_word' id='word_1_287' title='bbox 1087 4633 1124 4701; x_wconf 79' lang='grc' dir='ltr'>δὲ</span> <span class='ocrx_word' id='word_1_288' title='bbox 1148 4679 1157 4695; x_wconf 87' lang='grc'><strong>.</strong></span> <span class='ocrx_word' id='word_1_289' title='bbox 1182 4685 1189 4700; x_wconf 94' lang='grc'><strong>.</strong></span> <span class='ocrx_word' id='word_1_290' title='bbox 1214 4681 1223 4695; x_wconf 90' lang='grc'><strong>.</strong></span> <span class='ocrx_word' id='word_1_291' title='bbox 1248 4625 1395 4719; x_wconf 79' lang='grc' dir='ltr'><strong><em>πράξαν-</em></strong></span> 
     </span>
    </p>
   </div>
   <div class='ocr_carea' id='block_1_11' title="bbox 0 0 1778 5175">
    <p class='ocr_par' dir='ltr' id='par_1_11' title="bbox 0 0 1778 5175">
     <span class='ocr_line' id='line_1_39' title="bbox 0 0 1778 5175; baseline 0 0"><span class='ocrx_word' id='word_1_292' title='bbox 0 0 1778 5175; x_wconf 95' lang='lat' dir='ltr'> </span> 
     </span>
    </p>
   </div>
  </div>
 </body>
</html>
