3517 5175
263 582 284 630 l·
303 576 394 631 Thess·
412 571 464 637 ξδ’
1114 483 1215 539 Itala.

185 670 215 724 ἐν
231 666 323 722 πάθει.

264 756 359 812 Matth.
379 751 466 808 1029.

186 843 249 903 cirre
267 848 316 901 τοῦ
331 793 435 916 auspic
454 834 541 912 ὑμῶν.
582 832 640 885 sine
660 830 760 899 patro
778 823 876 876 vestro.
983 813 1042 867 sine
1060 809 1197 864 voluntate
1214 807 1297 877 patris
1311 824 1357 860 ve-

984 902 1041 956 stri.

982 634 1010 686 in
1028 631 1128 686 morbo.

186 1115 233 1171 πᾶν
250 1022 515 1179 θεὸνῦῗαὶῗατίρα.
585 1100 665 1154 deum
684 1096 718 1149 et
734 1093 881 1163 patrem.
940 1099 948 1116 ·
987 1081 1076 1135 deum.

267 1207 292 1259 2.
312 1203 371 1260 Cor.
392 1199 479 1266 1231.

187 1299 233 1352 lul
259 1297 291 1367 τῇ
323 1290 482 1361 ἀκαθαρσίᾳ
513 1285 560 1336 ναί
587 1293 668 1347 super
715 1266 884 1325 immunditia
928 1265 963 1317 et
989 1275 1070 1330 super
1083 1255 1269 1311 inmunditiam
1283 1254 1362 1309 etin-

188 1389 301 1453 πορνείᾳ
321 1384 368 1434 καὶ
388 1378 524 1448 ἀσελγείᾳ.
588 1361 833 1421 fornicatione
860 1358 888 1409 et
912 1353 962 1406 im·
990 1347 1151 1420 pudicitiam.

314 1490 324 1510 ·
589 1453 722 1528 pudicitia.

270 1564 329 1617 net.
348 1576 389 1627 ap.
409 1557 479 1622 2,10.

188 1651 317 1707 Ἰουδαῖοί
339 1666 366 1702 τε
391 1648 437 1700 καὶ
463 1639 564 1715 apomi-
590 1633 684 1690 ludaei
694 1630 964 1700 quoqueetprose-
991 1617 1086 1673 ludaei
1122 1613 1224 1669 incolae
1265 1613 1368 1684 (contra

191 1747 274 1796 λυτοι.
592 1723 669 1793 lyti.
993 1725 1034 1778 ep.
1061 1706 1136 1759 fund.
1162 1723 1184 1759 c.
1215 1705 1248 1769 93
1276 1705 1368 1756 contra

993 1796 1074 1852 Felic.
1114 1796 1172 1862 1,15
1208 1793 1303 1847 Judaei
1342 1794 1370 1844 et

995 1883 1141 1956 proselyti).

294 2011 316 2062 l.
335 2005 394 2062 Cor.
414 2005 466 2057 5.5.

192 2098 368 2170 παραδοῦναί
386 2091 569 2148 rimaminor
594 2082 700 2135 tradere
731 2072 880 2130 huiusmodi
913 2086 968 2124 sa·
996 2064 1102 2119 tradere
1121 2060 1278 2116 huiusmodi.

194 2191 229 2256 ιρ)
249 2185 365 2252 σατανᾷ.

278 2274 373 2331 Manu.
394 2272 480 2339 rulo.

194 2363 270 2431 ἄξιος
286 2363 342 2436 γὰρ
361 2360 375 2416 ὁ
396 2358 509 2430 ἐργάτης
525 2360 571 2425 τῆς
597 2349 692 2419 dignus
702 2348 743 2400 est
753 2344 823 2398 enim
835 2337 972 2411 operarius
1001 2375 1073 2388 ....
1092 2329 1215 2384 mercede
1233 2344 1282 2382 sua
1301 2329 1372 2394 (auc-

999 2428 1042 2476 tor
1068 2420 1152 2476 Italae
1179 2418 1223 2472 vel
1251 2417 1374 2471 libramus

1000 2511 1143 2567 verborum
1162 2507 1316 2562 meminisse
1333 2505 1374 2559 ui·

1001 2604 1087 2669 detur,
1118 2616 1186 2670 quae
1217 2599 1281 2654 Luc.
1314 2598 1374 2665 108

1002 2692 1140 2761 leguntur:
1172 2681 1247 2750 ἄξιος
1276 2685 1330 2758 γὰρ
1361 2683 1376 2741 ὁ

1003 2776 1119 2855 ἐργάτης
1136 2780 1186 2832 τοῦ
1203 2776 1309 2849 μισθοῦ
1327 2774 1378 2829 αὗ-

1003 2871 1052 2924 τοῡ
1073 2911 1079 2925 .
1099 2910 1105 2922 .
1122 2910 1128 2921 .
1145 2912 1151 2923 .
1169 2866 1292 2921 mercede
1310 2869 1377 2932 sua).

195 2457 303 2530 τροφῆς
320 2451 414 2507 αὐτοῦ.

304 2972 400 3042 Ephes
422 2972 471 3037 1,7.

197 3061 320 3137 χάριτος.
604 3046 750 3118 gratiae.
1004 3030 1103 3101 glofiae
1145 3029 1207 3101 (vid.
1244 3025 1379 3093 Welfflin,

1006 3139 1031 3191 p.
1051 3120 1105 3190 18).

310 3242 391 3309 Apoc.
411 3238 480 3305 20,4.

201 3327 273 3403 μετὰ
293 3330 341 3383 τοῦ
363 3329 494 3400 Χριστοῦ.
607 3332 667 3371 cnm
686 3310 838 3370 Christo.
1008 3316 1068 3354 cum
1087 3300 1161 3353 Jesu.

290 3417 384 3473 Matth.
403 3417 491 3483 2830.

204 3504 296 3567 πάσας
314 3503 362 3565 τὰς
379 3501 490 3577 ἡμέρας.
608 3492 771 3549 omnibus
789 3486 921 3542 diebus.
1010 3509 1044 3517 -

311 3596 387 3649 Rom.
406 3594 475 3662 5,1‘2.

207 3691 246 3747 είς
275 3683 382 3744 πάντας
415 3678 584 3753 ἀνθρώπους
610 3674 637 3726 in
657 3686 749 3726 omnes
762 3665 884 3720 homine-s
898 3676 983 3716 mors
1010 3659 1038 3711 in
1061 3670 1154 3710 omnes
1177 3652 1298 3706 homines
1324 3664 1384 3718 per·

208 3773 365 3835 ὁθάναιος
382 3774 506 3838 διῆλθεν.
611 3758 772 3832 pertransiit.
1010 3746 1124 3802 transiit.
1225 3778 1228 3787 ·

312 3864 388 3918 Rom.
408 3862 476 3930 um.

211 3959 249 4014 είς
267 3952 450 4023 ἀκαθαρσίαν.
612 3941 646 3994 in
664 3933 931 3994 immunditiam.
1012 3926 1040 3979 in
1059 3921 1226 3978 inmunditia.

310 4042 373 4096 Luc.
396 4040 481 4095 1811.

213 4081 584 4200 olloanolrairrlvepdnor.
614 4117 695 4174 ceteri
715 4114 897 4170 hominum.
1014 4103 1097 4160 ceteri
1115 4099 1243 4157 homines.

349 4236 391 4273 uc.
410 4219 444 4272 21
474 4258 480 4271 .

215 4317 252 4375 είς
270 4309 300 4365 τὸ
318 4219 531 4379 ylitopvrllmr.
615 4297 648 4352 in
667 4287 970 4366 gazophylacium.
1016 4284 1043 4337 iu
1062 4277 1257 4352 gazophylacio.

310 4400 385 4454 Rom.
408 4394 493 4459 11‚1e.

218 4486 347 4564 ὑμῐνγὰρ
359 4490 430 4554 ltro
441 4486 498 4542 τοῖς
509 4482 590 4535 terr·
618 4466 989 4538 vobisenimdicogentibus.
1017 4461 1092 4517 vobis
1111 4458 1182 4514 enim
1200 4456 1267 4523 dico,
1287 4455 1389 4525 gentes.

218 4595 271 4634 W·
