3517 5175
849 361 1071 427 ..82-

372 541 462 619 Quae
494 543 602 627 opinio
627 541 758 626 Dupinii
783 546 815 607 et
837 542 1027 606 Weihriohii
1052 542 1102 605 his
1132 562 1260 625 quoque
1284 542 1440 627 exemplis
1470 563 1546 609 eon-

370 650 495 714 firmari
518 649 654 714 videtur.

483 774 639 852 Quattuor
660 776 755 839 modo
778 775 865 839 locos
888 776 1009 858 inveni,
1033 775 1149 858 quibus
1176 775 1212 838 in
1235 775 1316 839 Itala
1338 774 1467 859 Speculi
1496 776 1546 838 in-

371 883 538 966 dioativus,
561 884 596 946 in
621 882 759 966 Vulgata
782 884 1009 947 coniunctivae
1033 884 1111 946 mihi
1135 884 1288 948 ooeurrit:

480 990 558 1055 Luc.
590 991 663 1072 8,l8
695 987 846 1054 Βλέπετε
875 981 944 1064 οὖν,
978 991 1050 1066 πῶς
1080 983 1227 1062 ἀκούετε,
1260 990 1297 1054 It.
1323 990 1429 1056 videto
1460 1010 1546 1074 ergo,

371 1097 529 1180 quomodo
553 1096 749 1179 audistis,
772 1096 867 1180 Vulg.
892 1097 1044 1179 audiatie;

480 1205 558 1271 Luc.
579 1206 673 1288 1438
693 1201 837 1291 ψηφίζει
855 1200 914 1290 τὴν
936 1198 1097 1291 δαπάνην,
1117 1200 1146 1271 εἰ
1165 1199 1231 1283 ἔχει
1252 1197 1298 1282 εἰς
1320 1196 1544 1289 ἆπαρτισμόν,

370 1314 407 1378 lt
431 1315 459 1378 si
481 1312 621 1395 habet,
644 1312 738 1395 Vulg.
762 1313 789 1375 si
813 1311 930 1376 habeat
952 1312 992 1375 ad
1014 1312 1266 1396 perficiendum

482 1424 511 1485 1.
534 1421 606 1485 Joh.
629 1421 679 1500 4,1
705 1415 736 1484 εὶ
757 1416 794 1484 ἐκ
817 1421 876 1484 τοῦ
901 1424 985 1485 θεοῦ
1015 1415 1111 1493 ἐστιν,
1143 1419 1181 1483 lt.
1212 1420 1239 1483 si
1270 1439 1311 1483 ex
1343 1419 1402 1484 deo
1433 1424 1546 1500 sunt,

371 1531 464 1615 Vulg.
488 1530 568 1608 sint3

480 1636 578 1701 Hebr.
609 1638 660 1718 7,4
690 1638 851 1718 θεωρεῖτε
882 1632 928 1704 δὲ,
962 1631 1103 1720 πηλίκος
1134 1621 1239 1712 οὗτος,
1270 1633 1339 1714 It.1)
1364 1634 1468 1717 qualis
1491 1635 1547 1698 hie

370 1750 445 1829 est,
469 1743 563 1827 Vulg.
588 1747 726 1825 quantus
750 1743 791 1805 sit
814 1742 875 1805 hio.

480 1868 614 1933 Duobus
644 1873 808 1951 praeterea
836 1866 916 1930 loeis
946 1869 1081 1948 utraque
1111 1867 1216 1931 versio
1245 1866 1456 1931 indicativum
1488 1887 1547 1931 err-

369 1979 474 2043 hibet:
509 1976 607 2040 Mare.
639 1975 710 2056 10,2
742 1967 923 2058 ἐπηρώτων
953 1965 1052 2037 abab
1082 1967 1111 2038 εἰ
1141 1971 1275 2052 ἔξεστιν,
1307 1973 1549 2056 interrogabant

370 2106 462 2152 eum:
488 2084 522 2148 Si
545 2083 638 2161 lieet3
665 2084 691 2145 l.
716 2080 785 2145 Cor.
811 2081 883 2162 ulfi
908 2081 942 2145 εἰ
963 2077 1026 2166 γὰρ
1051 2071 1156 2158 οἶδας,
1182 2076 1285 2169 γύναι,
1312 2077 1341 2147 εἷ
1359 2079 1416 2144 τὴν
1439 2071 1548 2166 ἄνδρα

371 2184 510 2269 σώσεις,·
535 2191 561 2253 si
586 2190 688 2252 virum
714 2188 836 2252 salvum
859 2188 982 2253 iacies?

857 2486 1047 2603 VHI.

481 2849 529 2916 De
565 2849 683 2933 quibus
717 2849 818 2913 tribus
853 2849 1134 2914 coniunctionibus
1169 2850 1356 2915 accusativi
1387 2869 1462 2914 oum
1494 2850 1547 2912 in-

368 2959 495 3022 finitivo
533 2957 638 3023 locum
677 2957 896 3022 obtinentibus
935 2976 1009 3021 oum
1049 2957 1114 3020 iam
1153 2956 1267 3039 Hagen
1277 2961 1308 3039 λ),
1351 2956 1546 3039 Roenseh³)‚

370 3066 536 3131 Woelfflin
544 3068 568 3146 4)
599 3069 747 3130 accurate
777 3065 972 3147 scripserint,
1002 3065 1079 3127 satis
1111 3063 1211 3129 habeo
1236 3083 1484 3129 commemorare
1508 3065 1546 3127 in

370 3171 450 3236 Itala
482 3192 608 3254 quoque
642 3192 695 3237 eas
724 3173 790 3237 fere
820 3191 947 3255 semper
970 3171 1156 3236 Accusativi
1187 3191 1261 3236 oum
1284 3172 1445 3235 infinitivo
1469 3172 1546 3237 viee

369 3280 470 3363 fungi.
515 3282 637 3344 Auotor
668 3280 752 3344 anim
785 3280 880 3343 huius
911 3279 1181 3362 interpretationis
1214 3284 1285 3362 post
1316 3278 1476 3344 sentiendi
1511 3282 1547 3343 et

370 3385 552 3451 declarandi
594 3386 690 3451 verba
724 3405 780 3470 pro
821 3388 1048 3451 coniunctione
1087 3379 1138 3448 ὅτι
1175 3386 1351 3451 indicativo
1389 3385 1546 3450 adiuncta
1612 3440 1615 3445 .

370 3495 613 3558 coniunctiones
633 3493 726 3575 quod,
751 3494 834 3575 quia,
858 3495 1008 3575 quoniam
1027 3493 1203 3557 indicativo
1223 3493 1388 3558 adiunctas
1407 3493 1545 3558 reddere

369 3600 456 3683 solet,
480 3602 532 3665 aui
555 3601 775 3683 Hieronymus
797 3602 865 3665 iere
889 3620 1013 3684 semper
1037 3602 1215 3665 assentitur.

480 3725 530 3789 Eu
546 3745 661 3810 magno
682 3725 900 3809 exemplorum
922 3745 1056 3790 numero
1073 3746 1177 3809 pauca
1195 3726 1274 3789 mihi
1293 3726 1390 3790 lieeat
1408 3726 1544 3791 afferre:

480 3835 508 3895 2.
543 3832 612 3896 Gor.
647 3835 698 3915 7‚8
731 3831 846 3913 βλέπειν
882 3827 933 3895 ὅτι
963 3879 970 3894 .
997 3877 1005 3892 .
1032 3879 1039 3894 .
1066 3879 1073 3892 .
1108 3828 1271 3917 ἐλύπησεν
1306 3826 1400 3913 ὑμᾶς,
1437 3833 1473 3897 Ia
1510 3839 1546 3898 et

368 3939 461 4023 Vulg.
486 3940 592 4022 quod
616 3941 816 4005 contristavit
838 3960 908 4019 vos;

478 4046 588 4110 Matar.
619 4049 689 4128 531
724 4038 886 4132 ηκπιῖσαῑε
917 4039 969 4108 ὅτι
999 4042 1135 4135 ἕρῤἑθη,
1167 4047 1204 4110 It.
1233 4051 1265 4112 et
1288 4047 1382 4131 Vulg.
1406 4049 1545 4113 audistis

369 4155 463 4236 quia
487 4154 607 4218 dietum
632 4158 694 4231 est3

476 4330 495 4400 ¹)
513 4331 554 4384 De
573 4330 670 4384 Genesi
689 4330 721 4383 ad
740 4327 791 4384 litt.
812 4330 898 4395 lO‚l9.

474 4420 494 4490 ²)
513 4419 682 4490 Spraehliohe
701 4421 898 4488 Erbrteraurgen
918 4436 965 4472 zur
983 4420 1105 4488 Vuigata,
1125 4438 1182 4489 pag.
1202 4421 1237 4474 58
1253 4453 1259 4458 -
1274 4422 1316 4475 (31.

474 4509 493 4572 ³1
513 4508 530 4560 l.
550 4525 574 4563 c.
591 4525 649 4577 pag.
669 4510 722 4563 402
741 4512 768 4562 et
786 4510 847 4563 481.

473 4598 495 4668 ⁴)
514 4596 590 4652 Neue
609 4598 800 4666 Bruchetuoia
820 4615 878 4667 pag.
900 4600 940 4653 17.
