3517 5175
750 363 972 429 -13-

277 545 333 609 aut
364 545 557 628 superlativo
589 545 717 629 positivi
750 548 782 608 et
813 546 1021 628 comparativi
1056 546 1126 609 vice
1154 549 1210 607 aut
1237 534 1451 629 comparativo

276 653 405 736 positivi
443 653 513 717 vice
552 656 607 715 aut
642 653 778 734 positivo
817 653 1024 734 comparativi
1063 653 1133 716 vice
1172 659 1344 735 uterentur,
1386 654 1449 716 iam

275 759 437 839 Rdnsch1)
462 764 493 823 et
517 758 697 841 ll'iilfilin‘)
721 759 909 822 docuerunt.
956 759 1026 836 Qua
1057 762 1243 843 recognita
1266 780 1332 823 non
1357 762 1452 825 mira·

276 866 391 948 bimur,
415 866 500 948 quod
523 866 556 927 in
581 865 720 948 Vulgata
743 885 870 947 quoque
899 867 1055 930 nonnulla
1084 867 1180 929 huius
1209 869 1452 951 permutationis

276 974 434 1058 gedeum
457 974 662 1057 reperiuntur
685 973 841 1058 exempla,
871 973 951 1038 Itala
978 974 1097 1037 iustum
1122 975 1257 1058 gradum
1281 980 1450 1040 exarante:

809 1096 912 1151 Itala
1063 1098 1066 1151 Ι
1180 1096 1343 1167 Vulgata.

391 1187 447 1241 Jac.
469 1187 537 1253 1,]6.

277 1273 424 1345 ἀγαπητοί.
677 1274 775 1330 dilecti.
1078 1275 1251 1331 dilectissimi.

368 1368 391 1417 1.
410 1364 470 1421 Gor.
491 1365 559 1431 122.

278 1451 311 1506 τὰ
329 1493 336 1505 .
357 1490 363 1503 .
385 1490 392 1504 .
410 1457 500 1525 μέλη.
515 1490 521 1503 .
536 1490 543 1504 .
559 1451 650 1522 alnay-
677 1453 797 1508 membra
810 1454 961 1508 necessaria
979 1459 1049 1508 sunt.
1079 1455 1198 1508 membra
1216 1456 1397 1510 necessariora

277 1531 337 1597 κεῖιί
352 1544 434 1595 ἐστιν.
1077 1547 1147 1596 snut

360 1631 454 1686 nauh.
474 1633 561 1697 25‚45.

276 1722 317 1773 ἐνὶ
343 1717 447 1775 τούτων
477 1723 534 1773 τῶν
558 1721 650 1790 linxi—
677 1723 723 1775 uni
743 1738 776 1774 ex
796 1722 913 1775 minimis
933 1722 1006 1775 mois.
1077 1722 1124 1774 uni
1142 1723 1175 1776 de
1195 1722 1340 1776 minoribus
1358 1724 1408 1777 his.

277 1828 357 1864 om.

369 1900 465 1969 Ephes.
485 1900 554 1966 432.

277 1989 327 2056 τὴν
381 1993 521 2058 προτέραν
579 1990 648 2043 ἀνα-
678 1990 792 2058 priorem
821 1990 1050 2044 conversationem
1079 1989 1216 2058 pristinam
1273 1993 1451 2046 conversatio·

278 2077 411 2149 στροφήν.
677 2081 779 2147 (contra
793 2080 880 2134 Faust.
899 2080 960 2142 ‘lla
974 2089 1001 2131 ct
1018 2079 1051 2131 de
1079 2095 1149 2132 nem.

661 2169 742 2241 pGen.
762 2169 803 2223 ad.
822 2168 872 2222 litt.
893 2170 975 2236 636.)

392 2279 562 2343 Accedunt
594 2278 656 2342 duo
689 2279 838 2361 exempla
869 2279 1038 2360 generis
1072 2278 1275 2342 adiectivi
1305 2280 1344 2342 ab
1373 2280 1454 2344 ltala

278 2387 395 2470 optime
426 2388 550 2450 servati.
597 2385 658 2450 Pro
688 2385 894 2450 συνέκλεισεν
917 2383 979 2471 γὰρ
1009 2375 1026 2442 ὃ
1052 2382 1134 2463 θεὸς
1156 2381 1233 2462 τοὺς
1256 2383 1384 2463 πάντας
1407 2381 1454 2465 εἷς

278 2485 469 2566 ἀπείθειαν,
502 2493 591 2556 Rom.
627 2494 718 2575 11,32
750 2492 952 2574 Augustinus
982 2491 1022 2554 de
1054 2493 1114 2555 civ.
1144 2489 1204 2555 Dei
1235 2494 1330 2572 21,18
1355 2499 1387 2557 et
1410 2497 1452 2556 24

281 2599 463 2664 »Conclusit
482 2602 567 2665 enim
589 2600 677 2665 Deus
698 2621 835 2665 omnes
856 2603 891 2663 in
907 2599 1115 2663 infidelitate«
1134 2600 1269 2681 scripsit,
1292 2600 1453 2684 Hierony-

277 2726 349 2769 mus
383 2713 498 2771 neutro
536 2709 683 2772 somnia«
723 2728 799 2771 usus
834 2713 891 2789 est,
927 2706 1130 2771 confundens
1163 2707 1296 2771 fortasse
1328 2711 1450 2772 textum

278 2814 374 2877 buius
396 2814 459 2879 loci
482 2815 640 2878 similibus
664 2814 777 2895 vorbis,
799 2835 880 2896 quae
899 2815 1051 2895 leguntur
1067 2813 1134 2877 Gal.
1152 2815 1224 2896 3,22
1248 2811 1453 2879 συνέκλεισεν

279 2914 433 3010 ἡγρσφὴ
456 2919 498 2987 τὰ
521 2916 631 2986 πάντα
654 2916 721 2987 ὑπὸ
747 2914 922 3006 ἁμαρτίαν.
971 2919 1088 2984 Nonne
1112 2922 1141 2983 2.
1165 2921 1248 2985 Petr.
1278 2920 1351 3000 2,14
1376 2940 1453 3001 quo·

278 3048 340 3110 que
363 3028 442 3091 Itala
465 3048 522 3112 pru
547 3022 747 3117 ὀφθαλμοὺς
770 3024 956 3106 ἔχοντες..
982 3078 989 3091 .
1014 3075 1021 3090 .
1045 3020 1327 3103 ἆκειταπαύστσυς
1343 3016 1452 3112 ἆμαρ-

277 3131 350 3212 σίας
373 3135 488 3200 mebus
515 3134 643 3199 »cordos
666 3134 820 3199 babentes
845 3183 851 3196 .
876 3185 882 3196 .
907 3184 913 3196 .
938 3190 944 3197 .
969 3130 1251 3197 incessabiles
1270 3132 1365 3210 (sicut
1382 3131 1450 3195 cod.

281 3240 304 3304 O
321 3246 353 3306 et
367 3240 389 3305 S
405 3241 533 3326 Speculi
555 3242 719 3320 exhibent)
740 3241 868 3305 delicti«
892 3240 1031 3305 reddidit
1051 3258 1148 3321 quam
1165 3238 1301 3321 Vulgata
1322 3237 1451 3303 »oculos

278 3348 432 3413 habentes
457 3400 463 3412 .
488 3399 494 3412 .
519 3400 525 3412 .
548 3348 748 3413 incessabilis
772 3347 925 3412 delictis?

388 3472 485 3537 Haud
508 3493 581 3538 raro
604 3474 651 3555 iit
673 3478 710 3536 ut
732 3493 788 3556 pro
812 3472 979 3553 adiectivo,
1002 3491 1065 3553 quo
1089 3473 1196 3534 textus
1221 3469 1363 3533 Graecus
1393 3489 1450 3552 pro

279 3580 490 3664 appellatione
528 3582 638 3661 utitur,
677 3580 715 3644 ab
753 3579 853 3643 Italae
892 3584 1020 3643 auctore
1058 3577 1254 3641 adiectivum
1291 3576 1450 3657 reddatur,

280 3687 417 3771 Vulgata
448 3693 554 3753 autem
587 3688 777 3752 sententiam
805 3686 972 3751 relativam
1002 3690 1142 3768 usurpet.
1190 3683 1260 3760 Qua
1291 3683 1331 3747 de
1360 3703 1393 3747 re
1416 3684 1449 3744 in

279 3796 390 3878 capite,
414 3795 498 3877 quod
523 3802 570 3859 est
593 3794 633 3858 de
656 3794 799 3877 articulo,
822 3793 1008 3858 scribemus.

644 3986 707 4076 0.,
733 3986 796 4057 lle
820 3985 1083 4058 adver-bile.

388 4116 446 4180 Tot
469 4116 625 4200 exemplis
649 4114 818 4179 verborum
839 4115 1018 4179 tenacitatis
1038 4113 1137 4177 italae
1158 4113 1356 4196 perlustratis
1377 4110 1449 4191 quis

280 4224 413 4288 miretur
447 4222 597 4287 adverbia
630 4241 758 4304 quoque
794 4221 959 4305 complura
996 4221 1093 4283 huius
1127 4220 1232 4283 laudis
1267 4218 1450 4283 vetustioris

279 4331 547 4414 interpretationis
570 4349 639 4394 esse
662 4329 867 4394 testimonia?

389 4508 410 4576 ¹)
429 4507 446 4561 l.
466 4523 488 4560 c.
507 4522 564 4575 pag.
584 4506 733 4559 415-417.

386 4596 407 4665 ²)
426 4596 525 4651 Archiv
543 4596 562 4650 f.
581 4593 625 4649 lat.
645 4592 854 4663 Lexikographie
873 4608 898 4645 n.
918 4592 1034 4646 Gramm.
1053 4590 1115 4657 Vll,
1134 4590 1195 4644 480.
