3517 5175
860 388 1085 454 ..73-

389 593 451 648 τις,
488 568 670 654 procedent,
705 569 761 651 qui
795 567 880 632 bona
913 568 1069 647 fecerunt,
1098 617 1230 632 .....
1264 568 1320 651 qui
1354 587 1430 634 vero

387 682 530 761 egerunt

497 801 642 868 Licentia
677 799 812 886 quadam
848 799 930 864 Itala
963 804 995 866 et
1024 800 1164 884 Vulgata
1195 804 1222 865 l.
1253 801 1322 867 Gor.
1355 804 1427 885 7,33
1450 804 1561 886 partic.

387 930 450 976 aor.
474 903 492 974 ὁ
516 903 667 996 γαμήσας
693 910 767 993 »qui
788 928 862 973 cum
885 929 986 973 uxore
1011 914 1077 974 est«
1104 910 1371 994 interpretantem
1396 909 1564 994 discepant

387 1019 471 1084 inter
494 1037 528 1083 se
551 1015 629 1081 Luc.
656 1018 819 1097 12‚47.48
851 1007 869 1079 ὃ
899 1014 1019 1092 δοῦλος
1046 1007 1064 1078 ὁ
1088 1013 1216 1102 γνοὺς.
1243 1064 1251 1079 .
1277 1066 1285 1081 .
1312 1014 1524 1104 ποιήσας..
1552 1067 1561 1083 .

387 1117 577 1211 δαρήσεται,
614 1123 652 1189 It
692 1143 812 1206 servus,
846 1125 903 1209 qui
937 1125 1021 1188 scit
1044 1173 1052 1189 .
1077 1174 1116 1188 .,
1151 1126 1183 1189 at
1215 1125 1334 1207 facit,
1374 1124 1468 1210 Vulg.
1505 1127 1562 1210 qui

386 1232 582 1314 cognovit
605 1281 612 1295 .
636 1280 643 1295 .
668 1281 675 1295 .
698 1236 731 1296 et
751 1232 864 1297 fecit

497 1355 560 1421 Sed
598 1375 661 1419 non
701 1375 828 1441 semper
859 1356 941 1420 Itala
972 1360 1004 1422 et
1035 1355 1174 1440 Vulgata
1205 1376 1263 1441 pro
1296 1357 1465 1441 participio
1497 1378 1564 1423 aor.

387 1463 589 1547 participium
613 1483 714 1548 praee.
739 1463 791 1529 val
813 1464 901 1549 pert,
926 1462 966 1527 de
989 1463 1106 1548 quibus
1128 1465 1221 1528 initio
1246 1465 1341 1528 huius
1364 1467 1477 1550 capitis
1501 1467 1564 1548 egi,

386 1569 602 1653 reddiderunt,
625 1570 682 1637 sed
705 1571 791 1636 baud
813 1591 887 1637 raro
911 1572 1150 1637 constructione
1174 1572 1341 1656 temporali
1371 1592 1448 1638 usae
1478 1579 1564 1637 sunt

495 1698 546 1761 Ao
577 1698 717 1780 primum
748 1696 877 1780 quidem
916 1695 1126 1760 ablativus
1165 1696 1386 1762 absolutus
1421 1698 1471 1761 bis
1505 1718 1566 1763 ex-

386 1804 565 1869 statlocis:

497 1928 607 1993 Metth.
648 1930 741 2010 15,12
781 1921 981 2005 ἀκούσαντες
1018 1926 1075 1993 τὸν
1107 1921 1206 2014 λόγον
1239 1923 1563 2015 ἐσκανδαλίσθησαν,

386 2035 494 2101 audito
507 2035 603 2101 verbo
619 2036 824 2101 scandalizati
839 2040 925 2118 sunt
940 2039 1106 2119 praeterea
1123 2034 1231 2100 Mattb.
1249 2035 1425 2118 6,6.15,10
1439 2036 1565 2116 .19,25.

386 2142 1565 2227 mmmmmmmmmmmmma

386 2250 476 2315 Rom.
501 2253 582 2333 un.
628 2250 765 2335 Pnrnpp.
789 2252 874 2336 rae.
914 2226 1018 2315 Ἠοῖ.
1045 2251 1229 2332 12‚2.13,2.
1278 2252 1305 2314 1.
1328 2250 1413 2315 Petr.
1436 2252 1498 2332 4‚r.

498 2375 590 2440 Cum
611 2375 840 2460 temporale
862 2376 1068 2441 coniunctim
1090 2376 1242 2460 temporis
1256 2375 1565 2460 plusquamperfecti

386 2482 571 2549 adiunctum
595 2483 645 2547 his
668 2483 794 2568 repperi
818 2482 913 2548 locis:

495 2609 573 2675 Luc.
597 2610 693 2691 24,40
716 2612 815 2675 τοῦτο
840 2606 944 2676 εἰπών
967 2606 1136 2687 ἐπέδειξεν
1158 2659 1167 2674 .
1193 2659 1201 2675 .
1229 2658 1236 2674 .
1262 2607 1321 2687 τὰς
1341 2613 1464 2696 χεῖρας,
1487 2629 1565 2674 cum

386 2718 447 2783 boc
488 2716 632 2799 dixisset,
675 2717 814 2782 ostendit
854 2736 987 2797 manus3
1030 2716 1140 2781 Mattb.
1179 2717 1565 2799 5,1.18,24.19,15.22.

387 2823 484 2890 Μαῖα.
522 2825 605 2906 9,36.
656 2823 746 2888 Rom.
785 2825 940 2908 1,21.22.
994 2822 1063 2888 Gal.
1099 2825 1208 2907 2,7.9.
1265 2826 1293 2887 1.
1327 2823 1434 2889 Tbess.
1470 2825 1564 2907 2,13;

499 2932 697 2997 coniunctivi
720 2933 872 3016 temporis
896 2932 1077 3016 imperfecti
1102 2931 1165 2996 duo
1187 2932 1251 3015 legi
1275 2932 1439 3016 example:

498 3038 573 3103 Luo.
599 3040 693 3121 18‚15
718 3032 875 3116 ἰδόντες.
903 3087 911 3102 .
937 3088 945 3104 .
972 3034 1138 3121 ἐπετίμων
1161 3030 1284 3117 αὐτοῖς,
1317 3058 1390 3103 cum
1415 3039 1566 3104 viderent

386 3197 393 3211 .
418 3197 425 3211 .
449 3196 456 3210 .
481 3197 488 3210 .
511 3145 722 3230 increpabant
743 3145 828 3226 illos;
853 3148 925 3210 Act.
949 3166 998 3230 ap.
1024 3146 1073 3228 1‚9
1097 3147 1201 3210 ταῦτα
1225 3138 1329 3210 alnov
1352 3143 1499 3234 ἐπήρθη,
1525 3146 1565 3210 [t

386 3274 459 3320 cum
482 3254 563 3319 haec
585 3252 715 3335 diceret,
739 3251 825 3337 Vulg
826 3303 987 3318 ......
1012 3252 1156 3317 dixisset

500 3378 541 3444 Ut
563 3379 673 3463 partic.
697 3397 760 3442 aor.
784 3372 897 3443 ἐλθών
920 3381 1151 3458 converterent
1175 3376 1212 3441 It
1236 3381 1268 3442 et
1291 3376 1385 3461 Vulg.
1410 3377 1459 3442 his
1482 3377 1565 3442 loeis

386 3506 459 3551 cum
483 3485 658 3570 temporale
681 3484 857 3550 indicativo
885 3485 986 3548 futuri
1016 3484 1057 3549 ΙΙ.
1088 3484 1276 3548 adiunctum
1307 3490 1562 3569 usurpaverunt:

497 3613 526 3675 2.
550 3609 619 3674 eor.
653 3611 747 3692 1230
769 3602 891 3697 μήπως
914 3594 1024 3674 οσον
1048 3655 1056 3671 .
1082 3655 1091 3671 .
1118 3659 1125 3674 .
1151 3605 1237 3696 εὕρω
1269 3603 1364 3693 ὑμᾶς,
1396 3630 1439 3676 ne
1471 3611 1563 3693 forte,

387 3739 461 3785 cum
485 3738 626 3784 venere.
647 3767 654 3781 .
677 3768 684 3781 .
707 3718 869 3783 inveniam
893 3736 959 3799 vos,
983 3717 1036 3781 cui
1060 3716 1215 3780 simillimi
1237 3721 1314 3780 sunt
1336 3715 1432 3782 Marc.
1458 3719 1563 3799 1336.

385 3828 414 3890 2.
449 3824 519 3889 Cor.
557 3825 661 3907 12‚21.
707 3823 844 3908 Philipp.
881 3824 962 3906 127.
1008 3822 1118 3887 Matth.
1154 3825 1249 3906 24,46
1286 3828 1318 3888 et
1351 3822 1427 3889 Luc.
1465 3826 1562 3908 12,43

385 3921 422 3999 ὃν
445 3929 556 3998 ἐλθών
580 3981 588 3996 .
614 3981 622 3997 .
649 3981 657 3996 .
684 3980 692 3996 .
718 3924 861 4019 εὑρήσει,
888 3950 993 4014 quem,
1021 3949 1094 3995 cum
1119 3930 1274 3995 venerit.
1298 3981 1305 3994 .
1329 3981 1336 3995 .
1360 3980 1367 3994 .
1391 3926 1562 3998 invenerit

386 4039 510 4118 Quibus
540 4038 696 4122 exemplis
725 4038 825 4101 futuri
854 4038 895 4103 H.
927 4037 1009 4102 addo
1036 4037 1105 4103 Jee.
1130 4039 1202 4119 l,l‘2
1227 4031 1364 4121 δόκιμος
1387 4034 1562 4125 γενόμενος

386 4141 541 4232 λήψεται,
567 4164 641 4210 cum
664 4144 816 4229 probatus
838 4145 944 4227 fuerit,
967 4145 1111 4229 accipiet
1134 4151 1167 4210 et
1188 4144 1257 4209 lec.
1283 4147 1354 4227 1‚15
1387 4139 1406 4233 ή
1435 4142 1561 4210 ἐπιθυ-

384 4248 447 4335 μία
470 4250 681 4334 συλλαβοῦσα
704 4248 807 4318 σίνται
831 4246 1007 4338 ἁμαρτίαν,
1033 4271 1106 4317 cum
1131 4253 1323 4336 consepelit,
1346 4253 1437 4335 parit

497 4375 590 4440 Cum
615 4378 909 4443 concessivum
932 4376 1035 4442 tribus
1057 4377 1138 4440 mihi
1160 4377 1240 4442 locis
1263 4378 1416 4443 occurrit:

496 4501 563 4565 Gal.
594 4502 644 4583 3,3
676 4495 891 4589 ἐναρξάμενοι
920 4497 1082 4584 πνεύματι
1113 4506 1168 4568 νῦν
1197 4500 1294 4588 σαρκί
1329 4499 1558 4577 inrisionem

386 4607 423 4673 lt
446 4615 479 4673 et
502 4608 596 4692 Vulg.
620 4628 694 4673 cum
714 4608 827 4691 spiritu
848 4609 1024 4692 coeperitis,
1045 4627 1134 4673 nunc
1155 4629 1251 4674 carne
1267 4609 1559 4674 consummemini?
