3517 5175
825 370 1047 434 „40-

763 545 811 600 De
830 546 957 601 Genesi
975 547 1014 601 ad
1033 546 1102 601 litt.
1255 545 1414 616 Vulgata.

452 636 548 705 Ephes
568 636 620 704 3‚8.

353 729 389 795 αρ’
402 725 597 794 ἐλαχιστοτέρῳ
611 721 725 779 πάντων
750 724 907 778 minimo
956 725 1120 779 omnium
1149 726 1266 779 omnium
1294 727 1444 779 sanctolum
1471 725 1520 778 mi-

352 810 448 886 ἁγίων.
750 817 960 868 sanctorum.
1150 815 1228 869 nimo.

435 903 548 973 Philipp.
568 903 637 966 als,

352 988 416 1052 θεὸς
433 986 487 1063 γάρ
506 992 588 1045 ἐστιν.
749 993 814 1046 deus
834 992 924 1046 eninr
944 997 1005 1045 est.
1149 993 1221 1046 Dens
1240 996 1282 1047 est
1299 992 1379 1048 enim.

662 1101 692 1179 b)
715 1101 873 1186 Exempla
897 1103 1025 1165 maioris
1049 1104 1210 1167 momenti.

886 1206 986 1261 Itala
1256 1206 1409 1277 Vulgata.

444 1294 537 1350 Matth.
557 1297 626 1362 6,19.

352 1382 424 1440 ὅπου
461 1383 509 1454 σὴς
545 1387 590 1437 καὶ
623 1386 723 1458 βρῶσις
749 1386 914 1440 ubitinea
938 1390 972 1439 et
996 1385 1121 1454 rubigo
1149 1386 1194 1440 nbi
1219 1403 1315 1454 aerugo
1339 1389 1367 1441 et
1384 1386 1457 1441 tinea
1474 1387 1520 1440 de·

351 1472 485 1544 ἀφανίζει.
750 1475 919 1530 exterminat.
1150 1475 1264 1530 molitur.

454 1563 530 1618 Rom
549 1564 620 1630 4,12.

351 1655 396 1706 καὶ
435 1657 539 1723 πατέρα
575 1653 723 1722 περιτομῆς
750 1656 780 1706 ut
804 1653 840 1706 sit
861 1657 938 1722 pater
961 1654 1120 1707 circumcisi·
1150 1657 1177 1708 et
1203 1654 1238 1707 sit
1263 1657 1338 1723 pater
1360 1653 1520 1708 circumcisi-

350 1745 406 1800 τοῖς
433 1739 483 1795 οὐκ
513 1742 544 1794 ἐκ
575 1703 890 1811 neprropricionishim
910 1745 968 1812 qni
987 1760 1120 1796 nonso·
1149 1743 1207 1796 onis
1225 1759 1278 1797 non
1297 1742 1457 1808 iistnntnm,
1476 1742 1521 1811 qni

349 1826 439 1901 μόνον
481 1826 550 1883 ἄλλα
587 1831 632 1882 καὶ
668 1815 817 1928 τοῖςῖἰιιιπ
837 1849 876 1885 ex
897 1832 1121 1885 circumcisi·
1149 1837 1211 1885 sunt
1243 1849 1277 1886 ex
1314 1831 1520 1896 circumcisione,

352 1919 510 1988 στοιχοῦσιν
536 1923 592 1978 τοῖς
620 1923 813 1987 ι’χνεσινοηο
839 1925 935 1987 suni,
961 1922 1006 1975 sed
1027 1931 1053 1975 et
1072 1921 1121 1984 hie,
1149 1923 1195 1976 sed
1215 1922 1300 1988 otiis,
1320 1921 1364 1992 qui
1385 1923 1522 1975 sectantur

350 2011 397 2073 τῆς
428 2008 460 2062 ἓν
492 2010 524 2083 τῇ
555 2006 722 2080 ἀκροβυστίᾳ
735 2059 737 2070 ,
750 2013 795 2080 qni
827 2015 976 2080 sequnntur
1012 2011 1122 2078 vestigia
1150 2011 1262 2080 vestigia
1286 2011 1358 2075 fidei,
1387 2028 1455 2081 quae
1480 2013 1522 2064 est

350 2085 836 2171 πίσιεωςιοῦπατρὸςὴμῶνΙριιοο
869 2103 924 2154 est
953 2101 987 2153 in
1020 2117 1121 2170 prae·
1150 2101 1176 2153 in
1192 2101 1328 2170 praeputio
1343 2100 1425 2171 patris
1437 2101 1521 2154 nostri

352 2180 480 2259 Αρριάμ.
735 2159 853 2276 {pusio
902 2190 992 2243 fidei
1040 2189 1122 2259 patris
1151 2190 1280 2244 soranae.

735 2279 834 2358 {nostri
854 2279 995 2334 Abraham.

452 2364 528 2420 Rom.
550 2367 619 2432 7,13.
735 2375 738 2438 i

350 2451 397 2506 διὰ
412 2455 461 2508 τοῦ
473 2451 584 2524 ἀγαθοῦ
595 2474 642 2527 μοι
659 2473 724 2507 τιατ-
736 2443 738 2462 '
751 2474 799 2526 per
817 2457 914 2511 bonum
934 2458 1018 2510 mihi
1042 2473 1122 2527 ope·
1150 2475 1198 2527 per
1216 2458 1312 2512 bonum
1329 2461 1465 2526 operatum
1480 2459 1522 2511 eet

349 2543 515 2614 εργοιζομίνη
534 2539 668 2598 θάνατον.
752 2555 864 2603 ratum
891 2551 946 2601 est
969 2549 1122 2602 moriem.
1150 2548 1215 2602 mihi
1233 2549 1354 2602 moriem.

445 2632 520 2687 Rom.
542 2634 627 2701 1135.

347 2714 478 2812 Ιπώρωσις
496 2717 552 2776 ἀπὸ
572 2727 672 2797 μέρους
687 2725 724 2792 ποῖ
752 2726 864 2780 caecitas
884 2743 917 2780 ex
936 2729 1011 2795 parte
1029 2728 1122 2782 Isre-
1150 2726 1262 2781 caecitas
1287 2743 1320 2780 ex
1343 2729 1418 2796 porte
1436 2726 1520 2781 eonti-

354 2806 447 2875 Ιςρσὴιῑ
466 2815 594 2881 γέγονεν.
752 2814 809 2869 hel
827 2817 925 2870 saeta
943 2821 1004 2870 est.
1149 2819 1188 2886 git
1205 2816 1232 2869 in
1252 2815 1343 2871 Israel.

421 2902 445 2953 1.
464 2899 553 2955 Thess.
573 2902 643 2967 4‚17.

349 2982 407 3059 ἅμα
426 2985 478 3041 σὺν
491 2986 583 3049 αὐτοῖς
597 2987 724 3062 ἅρπαγη-
751 2993 830 3048 simui
858 3010 931 3048 oum
960 2994 1038 3048 iilis
1069 3011 1121 3048 ra·
1149 2994 1228 3048 simul
1238 2993 1372 3064 rapiemur
1384 3011 1444 3048 cum
1459 2992 1520 3048 illis.

352 3072 468 3148 σόμεθα.
751 3084 895 3152 piemnr.

444 3167 469 3221 2.
488 3166 561 3222 Peir.
580 3169 632 3235 3,7.

350 3253 376 3308 οί
394 3252 425 3308 δὲ
444 3256 495 3307 νῦν
513 3254 636 3329 οὐρανοί.
749 3261 1121 3331 qnieutemnnnesunt
1149 3260 1221 3317 Coeli
1249 3264 1346 3328 antem,
1374 3260 1419 3332 qui
1450 3278 1521 3315 nune

749 3349 848 3405 caeli.
1148 3355 1219 3405 sunt.

450 3435 529 3503 apoc.
549 3436 619 3501 sie.

350 3513 413 3577 οὔτε
427 3521 516 3587 ζεστὸς
528 3517 589 3578 οὔτε
606 3522 719 3597 ψυχρός·
747 3545 860 3598 neque
889 3528 1030 3584 calidus
1057 3547 1119 3584 ne·
1148 3546 1198 3583 nee
1216 3528 1329 3599 frigidus
1346 3528 1518 3583 neooalidns.

748 3634 812 3688 que
831 3618 997 3687 frigidus.

442 3700 534 3756 nass.
554 3703 624 3769 aas.
830 3707 898 3762 nna
915 3707 1028 3777 specus.

349 3790 396 3844 ἐπὶ
419 3787 555 3863 πονηροὺς
577 3793 623 3843 καὶ
648 3787 720 3862 ἀγα·
747 3811 854 3865 snper
872 3798 981 3851 malos
1007 3799 1042 3850 et
1060 3796 1118 3850 bo·
1147 3813 1227 3866 super
1245 3796 1326 3851 bonos
1345 3799 1373 3852 et
1390 3796 1481 3851 maios.

348 3873 424 3939 θοός.
746 3900 815 3938 nos.

450 3968 526 4024 mm.
545 3971 615 4037 aas.

348 4059 444 4125 θίῖιρις
468 4053 484 4123 ἢ
510 4063 677 4130 στενοχωρία
703 4055 719 4125 ἢ
746 4062 901 4117 tribulatio?
925 4080 957 4118 an
978 4064 1118 4131 angustia?
1147 4063 1300 4118 tribulatio?
1324 4081 1358 4119 an
1377 4064 1518 4134 angustia?

348 4142 719 4219 διωγμόςῆλιμὸςῆγομ-
746 4169 786 4205 an
819 4153 1047 4223 persecutio?
1084 4171 1117 4208 an
1146 4170 1179 4207 an
1203 4153 1309 4207 fames?
1336 4170 1370 4207 an
1392 4154 1518 4207 nuditas?

349 4228 427 4302 νότρς
444 4232 461 4301 ἢ
480 4237 608 4297 κίνδυνος
615 4259 624 4301 ,·
745 4242 852 4295 fames?
875 4258 909 4295 an
935 4242 1060 4296 nuditas?
1084 4259 1116 4296 an
1146 4259 1178 4295 an
1194 4241 1360 4311 perieulum?
1379 4260 1411 4297 en
1426 4260 1517 4312 perse·

746 4329 913 4399 periculum?
1146 4331 1237 4385 ontio?

439 4415 630 4471 l.cor.9.15.

349 4500 399 4558 οὐκ
417 4503 529 4575 ἔγραψα
549 4503 580 4556 θὲ
598 4505 693 4558 ταῦτα.
746 4524 810 4561 non
840 4509 973 4579 scripsi
1001 4511 1115 4564 antem
1146 4526 1199 4563 non
1217 4512 1306 4565 antem
1324 4510 1391 4565 haee
1415 4510 1516 4580 scripsi.

745 4596 838 4652 haee.
