3517 5175
793 366 964 428 ,9.-

814 541 914 596 Itala
1185 542 1344 611 Vulgata.

390 631 465 684 Rom.
485 632 536 688 aa.

278 718 307 771 ui
326 717 465 773 ἀδύνατον
483 724 531 773 τοῦ
551 717 647 788 νόμου.
677 721 746 789 quod
784 720 854 773 enim
888 720 1050 789 impossibile
1078 737 1138 774 nam
1177 722 1245 790 quod
1289 720 1451 789 impossibiie

677 814 734 863 crat
754 809 784 863 to
791 809 852 878 gis.
1078 813 1135 863 arat
1154 810 1213 879 logi.

379 897 452 952 Rom.
473 901 542 966 5,14.

277 988 323 1039 ἐπὶ
341 989 378 1055 τῷ
399 982 562 1057 ὁμοιώματι.
676 988 703 1041 in
722 988 968 1043 similitudine.
1077 989 1103 1041 in
1123 989 1331 1042 similitudinem.

357 1080 380 1131 1.
400 1076 459 1132 cor.
481 1078 567 1142 lata.

277 1162 335 1220 τότε
354 1166 384 1219 δὲ
405 1160 554 1234 πρόςωπον
578 1164 648 1237 πρὸς
675 1170 739 1221 tuac
762 1171 850 1221 autom
870 1169 997 1223 facicm
1017 1169 1048 1223 ad
1076 1171 1140 1221 tuno
1183 1171 1272 1221 autom
1314 1167 1382 1221 facio
1419 1169 1451 1221 ad

276 1253 432 1327 πρόςωπον.
675 1257 779 1311 faciem.
1076 1257 1181 1310 facicm.

387 1343 462 1397 Rom.
482 1344 534 1410 9,8.

275 1432 307 1486 τὰ
326 1440 407 1487 τέκνα
424 1436 469 1499 τῆς
484 1433 648 1503 ἐπαγγελίας
674 1436 725 1488 filii
753 1436 936 1506 promissionis
965 1437 1047 1506 dopn-
1076 1435 1121 1505 qui
1135 1435 1451 1504 filiisuntpromissionis

274 1525 407 1592 λογίζεται
427 1526 465 1581 εἰς
484 1527 603 1592 σπέρμα.
674 1527 766 1579 tantur
784 1526 819 1578 in
838 1543 962 1581 samon.
1076 1525 1251 1579 aestimantur
1269 1526 1296 1578 in
1316 1526 1426 1579 somine.

365 1614 387 1665 1.
408 1612 467 1667 Cor.
488 1612 556 1678 loo.

275 1702 361 1753 ταῦτα
393 1701 424 1754 aa
455 1695 536 1753 τύποι
567 1695 647 1770 ἡμῶν
674 1703 740 1758 haec
776 1708 865 1758 autom
907 1705 1047 1774 figurae
1075 1704 1141 1757 haec
1177 1709 1265 1758 autam
1296 1704 1324 1756 in
1361 1703 1450 1772 figura

273 1785 455 1857 ἐγενήθησαν.
674 1795 780 1847 nostrae
798 1794 917 1847 fuerunt.
1075 1794 1227 1847 factasunt
1245 1794 1336 1848 nostri.

388 1880 454 1949 Eph.
474 1882 525 1946 23.

273 1970 322 2021 τοῦ
341 1972 392 2021 νῦν
414 1969 593 2038 ἐνεργοῦντος
616 1973 647 2025 ἐν
674 1972 719 2040 qui
737 1989 809 2026 nunc
823 1975 948 2041 oporatur
961 1973 994 2025 in
1008 1973 1047 2025 fi·
1076 1971 1119 2040 qui
1139 1989 1210 2025 nunc
1228 1976 1354 2041 oporatur
1371 1974 1399 2026 in
1414 1974 1447 2026 fi-

272 2063 329 2116 τοῖς
348 2060 416 2119 υἱοῖς
434 2062 479 2126 τῆς
493 2057 644 2121 ἀπειθείας.
673 2060 734 2115 liis
753 2062 928 2116 diffidentiae.
1075 2060 1124 2115 iios
1143 2061 1318 2116 diffidentiae.

378 2148 454 2203 Rom.
474 2150 542 2210 8,]5.

273 2238 385 2306 πνεῦμα
417 2237 529 2297 δουλίας
561 2231 646 2290 πάλιν
673 2240 1045 2308 apintumservitutisiterum
1075 2241 1195 2308 spiritum
1229 2242 1366 2295 servitutis
1398 2243 1448 2294 itc-

274 2326 311 2382 tt'c
329 2320 428 2395 φόβον.
673 2333 707 2382 in
726 2330 891 2385 timorom.
1076 2346 1134 2382 rum
1154 2329 1179 2381 in
1200 2330 1304 2384 timore.

361 2416 385 2469 2.
405 2416 465 2472 Gor.
486 2418 554 2484 133.

274 2508 322 2559 roa]
347 2507 378 2556 λν
405 2506 471 2574 ἐμοί
496 2508 646 2567 λαλοῦντος
673 2507 738 2575 cius,
758 2509 804 2576 qui
827 2509 854 2561 in
876 2510 1045 2580 moioqnitur,
1074 2508 1140 2574 eius,
1159 2509 1204 2578 qui
1223 2510 1250 2561 in
1264 2526 1308 2563 mo
1323 2509 1448 2578 loquitur,

275 2596 405 2665 Χριστοῦ.
673 2598 809 2654 Christi
832 2600 936 2669 (contra
959 2602 1045 2655 adim.
1075 2598 1203 2654 Christus

672 2706 694 2741 c.
720 2689 752 2753 93
777 2689 856 2758 frgm.
886 2708 926 2759 op.
954 2691 1044 2745 Pauli:

672 2777 812 2848 Christus).

368 2862 450 2917 Marc.
470 2864 538 2930 8,37.
760 2868 828 2921 Itala
846 2867 959 2937 Speculi.

271 2955 298 3002 τί
326 2950 381 3021 γαρ
412 2953 461 3005 δοῖ
495 2947 644 3024 ἄνθρωπος
671 2956 733 3025 quid
760 2956 832 3010 dabit
855 2958 934 3012 homo
962 2977 1044 3013 com·
1073 2956 1135 3024 quid
1150 2956 1222 3009 dabit
1237 2956 1446 3011 homocommu-

269 3039 460 3110 ἀντάλλαγμα.
670 3046 907 3101 mutationem.
1072 3046 1188 3111 tationis,

369 3133 392 3184 1.
412 3131 470 3185 Joh.
491 3134 542 3199 4,3.

270 3217 349 3272 τοῦτό
365 3221 441 3273 ἐστιν
454 3218 484 3273 τὸ
500 3223 549 3274 τοῦ
565 3220 642 3274 ἄνπ-
669 3225 720 3277 hoc
738 3227 779 3278 cst
798 3226 1025 3281 antichristi.
1072 3225 1115 3278 hic
1134 3227 1174 3277 ost
1193 3225 1372 3279 antichristus.

265 3314 389 3380 χρίστου.

392 3418 453 3471 Jud.
474 3418 515 3472 18.

268 3504 337 3559 κατὰ
369 3504 416 3565 τὰς
443 3506 550 3560 ἑαυτῶν
581 3509 642 3560 tm-
669 3512 814 3564 secundum
839 3527 887 3565 sua
912 3512 1043 3565 desideria
1070 3512 1215 3563 secundnm
1242 3528 1291 3565 sua
1314 3511 1445 3565 desideria

269 3601 370 3666 θυμίας
389 3593 570 3667 πορευόμενοι
586 3601 642 3650 τῶν
669 3599 834 3654 ambulantos
871 3600 1041 3670 inpicta-
1070 3599 1236 3653 ambulantos
1268 3601 1292 3651 in
1323 3601 1444 3669 impicta-

268 3683 409 3752 ἀσεβειῶν.
669 3690 749 3741 tum.
1069 3690 1147 3742 tibus.

354 3791 447 3845 Mattu.
469 3793 554 3848 1025.

268 3876 282 3933 ὁ
314 3880 414 3940 δοῦλος
441 3879 477 3940 ὠς
505 3876 519 3933 ὁ
549 3879 641 3953 κύριος
668 3899 808 3951 sorvus,
832 3887 900 3939 sicut
920 3887 1042 3940 dominus
1069 3886 1442 3951 servasicutdominuscius,

268 3968 362 4023 αὐτοῦ.
668 3973 733 4026 cius

356 4079 379 4131 1.
400 4078 472 4132 Patr.
491 4080 543 4143 3,3.

268 4161 406 4226 ὁέξαθεν
424 4167 563 4232 ἐμπλοκῆς
582 4185 640 4237 τρι·
668 4169 835 4224 extrinsecus
849 4172 1040 4240 capillato·
1069 4172 1235 4225 extrinsecus
1288 4171 1443 4240 capillatura

262 4255 325 4322 χῶν
343 4258 637 4324 autumnitanus...
667 4275 725 4312 rac
774 4262 820 4313 aut
870 4260 1041 4316 circumdatio
1069 4264 1115 4314 aut
1151 4261 1321 4315 circumdatio
1357 4303 1363 4315 .
1396 4303 1401 4315 .
1435 4303 1441 4314 .

267 4341 432 4414 ..κόσμοο
667 4348 732 4411 (cod.
769 4348 811 4402 pi
842 4349 1040 4405 circumda·
1069 4350 1162 4403 cultus.

666 4437 791 4505 tionis,
810 4455 877 4507 quac
896 4438 974 4493 lectio
993 4457 1039 4494 an-

666 4526 764 4595 tiquior
801 4530 828 4580 ot
864 4530 1041 4597 {iracfcrcnda

658 4616 767 4671 videtur
786 4617 856 4688 osse)
876 4660 883 4672 .
899 4660 905 4672 .
920 4658 926 4670 .
942 4618 1039 4674 cultus.
