3517 5175
687 368 908 432 ...33-

214 548 238 622 fl
268 546 463 613 Neutrum
493 547 652 612 numeri
682 546 862 630 pluralis
891 546 1137 612 Graecorum
1161 566 1268 612 more
1292 565 1382 612 oum

302 675 469 721 numero
493 655 699 738 singulari
722 654 839 720 verbi
861 655 984 717 liniti
1007 655 1288 738 coniungitur.

326 780 413 845 Rom.
450 781 523 862 838
559 772 667 843 πάντα
704 783 852 863 συνεργεῖ
882 773 930 856 εἰς
959 769 1099 864 ἀγαθόν,
1124 779 1161 843 11.
1186 782 1295 844 omnia
1317 800 1383 845 co-

194 893 411 979 operatur
433 890 466 951 in
492 888 619 968 bonum,
643 886 736 966 Vulg.
761 892 988 971 cooperantur3

325 997 353 1058 1.
378 994 446 1059 Gor.
472 995 565 1075 12‚12
590 990 698 1059 πάνια
722 990 758 1056 δέ
780 992 863 1079 μέλη
887 1043 895 1058 .
918 1040 925 1055 .
950 1041 984 1056 ..
1011 991 1047 1058 ἓν
1069 989 1159 1060 ἐστιν
1182 996 1287 1076 σῶμα,
1312 994 1383 1077 111)

213 1102 323 1165 omnia
356 1107 461 1166 autem
494 1101 638 1166 membra
660 1150 667 1164 .
691 1150 698 1164 .
723 1151 730 1164 .
754 1151 761 1164 .
784 1121 884 1164 unum
917 1104 978 1165 est
1007 1120 1130 1184 corpus,
1155 1100 1247 1185 Vulg.
1280 1122 1382 1165 unum

212 1213 321 1274 tamen
345 1228 460 1292 corpus
484 1213 573 1286 sunt3

323 1314 452 1397 11121
479 1306 501 1382 t*
525 1315 659 1398 πρέπει,
691 1314 728 1378 u.
759 1314 849 1399 Spec.
883 1334 985 1397 quae
1018 1315 1151 1398 decet,
1175 1316 1269 1399 Vulg.
1301 1336 1383 1400 quae

212 1422 336 1488 decent.
1244 1503 1251 1517 ,

309 1549 340 1631 g)
364 1546 617 1610 Infinitivus
642 1547 865 1611 consilium
890 1548 1084 1612 indicans
1107 1548 1152 1612 ab
1176 1548 1282 1613 ltala

668 1655 926 1736 retinetur2).

324 1778 432 1843 Metu.
452 1781 547 1862 23,15
568 1776 743 1864 περιάγετε
765 1776 825 1866 τὴν
842 1770 1021 1845 θάλασσαι
1039 1783 1180 1866 ποιῆσαι
1200 1779 1256 1844 ἕνα
1278 1806 1380 1864 προς-

212 1881 342 1971 ήλιιτον,
363 1886 399 1950 It
424 1936 430 1950 .
455 1937 462 1950 .
486 1937 492 1951 .
516 1887 657 1951 iacere
677 1906 778 1949 unum
796 1885 992 1969 proselytum
1012 1892 1133 1966 (contro
1150 1887 1254 1953 Faust
1273 1890 1381 1971 16,29;

212 1996 325 2056 contra
350 1993 454 2057 Adim.
478 2015 504 2057 c.
529 1995 548 2055 6
572 1997 678 2057 autem
706 1993 790 2058 idem
815 1993 951 2075 legimus
981 1997 1076 2076 atque
1105 1995 1139 2057 in
1166 1995 1316 2078 Vulgata:
1347 2000 1384 2058 ut

210 2097 366 2185 faciatis);

323 2208 394 2271 Act.
429 2226 476 2291 ap.
511 2208 583 2289 1,25
617 2199 676 2293 ἐφ’
712 2193 731 2293 ἦ
764 2205 896 2294 παρέβη
925 2198 1056 2283 Ἰούδας
1093 2211 1311 2293 πορευθῆναι,
1344 2208 1381 2272 lt

212 2311 439 2394 ambulare,
465 2313 558 2397 Vulg.
581 2318 617 2377 ut
640 2313 747 2378 abiret.
772 2352 813 2360 —

323 2437 414 2501 Rom.
450 2440 521 2520 14,2
556 2437 635 2501 Itala
669 2440 790 2518 (contra
824 2437 930 2502 Adim.
967 2458 993 2502 c.
1030 2435 1082 2523 14)
1117 2437 1215 2503 rerba
1248 2427 1286 2515 ὃς
1321 2437 1383 2522 μὲν

212 2539 359 2609 πιστεύει
385 2550 505 2631 φαγεῖν
528 2540 636 2609 πάντα
659 2544 766 2610 verbis
792 2545 893 2609 »alius
912 2545 1042 2628 quidem
1062 2545 1196 2611 credit
1214 2546 1381 2610 mandu-

212 2669 308 2715 care
331 2653 457 2715 omnia«
484 2654 667 2736 exprimens
689 2652 858 2717 verborum
884 2654 1077 2718 Graecorum
1097 2654 1379 2720 conformationem

211 2756 357 2820 imitatur
379 2778 466 2823 mero
489 2760 653 2823 infinitivo
684 2761 857 2824 accusativi
888 2779 961 2824 cum
991 2760 1153 2823 infinitivo
1188 2760 1256 2825 loco
1291 2780 1382 2824 usur-

210 2866 294 2946 pato,
322 2884 394 2929 cum
424 2866 604 2931 subiectum
626 2866 781 2929 infinitivi
804 2866 890 2931 idem
914 2869 955 2930 sit
978 2872 1072 2948 atque
1094 2869 1272 2932 sententiae
1296 2870 1381 2952 prin-

213 2969 334 3054 cipalis,
356 2970 573 3055 Hieronymus
597 2979 702 3037 autem
722 2993 900 3038 sermonem
921 2973 1098 3057 probiorem
1115 2979 1242 3038 secutus
1261 2975 1382 3038 »credit

211 3096 253 3142 se
282 3078 495 3143 manducare«
528 3081 662 3162 scripsit.
708 3079 829 3145 Eodem
859 3081 952 3144 modo
975 3080 1056 3144 Itala
1078 3087 1110 3145 et
1133 3079 1270 3163 Vulgata
1298 3084 1382 3147 iuter

211 3202 246 3248 se
272 3183 425 3248 differunt
448 3185 583 3269 Philipp.
608 3188 679 3268 2,19
705 3182 830 3267 ἐλπίζω
857 3180 1028 3267 Τιμόθεον
1045 3233 1207 3252 ......
1233 3185 1378 3269 πέμψαι,

210 3290 249 3354 It
274 3289 363 3375 Spec.
387 3311 506 3376 spero
529 3293 779 3358 Timotheum
804 3294 986 3375 mittere,
1011 3293 1103 3377 Vulg.
1123 3343 1130 3356 .
1150 3344 1157 3357 .
1176 3312 1227 3357 me
1246 3296 1380 3357 mittere.

431 3417 463 3495 11)
487 3416 637 3499 Figura
659 3417 936 3501 etymologica
958 3423 1156 3483 servatur.

324 3540 353 3603 2.
385 3539 467 3604 Petr.
501 3542 551 3621 3,3
585 3538 619 3605 ἐν
647 3537 856 3626 ἐμπαιγμονῇ
886 3539 1076 3624 ἐμπαῖκται,
1105 3542 1142 3606 lt
1165 3542 1379 3606 inlusione

211 3645 470 3729 inludenteS,
495 3646 588 3730 Vulg.
611 3649 644 3711 in
670 3648 856 3731 deceptione
880 3648 1042 3730 illusores;

323 3753 411 3818 Rom.
451 3755 522 3836 9‚15
563 3749 755 3840 οἰκτειρήσω
794 3743 830 3815 ilo
868 3745 909 3817 iia
946 3750 1106 3841 οἰκτείρω,
1143 3755 1179 3819 lt
1217 3756 1380 3820 miseri·

212 3861 393 3924 cordiam
426 3861 600 3946 praestabo,
635 3863 686 3926 cui
721 3863 959 3927 misericors
992 3862 1125 3944 fuero,
1160 3862 1253 3946 Vulg.
1288 3863 1379 3927 cuius

213 3967 394 4032 miserebor.

238 4092 261 4172 i)
285 4090 391 4155 Itala
414 4091 661 4157 brevitatem
685 4093 858 4157 dicendi
883 4093 1126 4158 Graecorum
1150 4095 1348 4157 imitatur.

323 4215 411 4280 Rom.
434 4219 506 4299 4,17
530 4212 572 4279 τὰ
593 4212 640 4305 pu}
663 4207 741 4282 ἐπα
764 4211 810 4294 ὡς
833 4209 919 4291 ὄντα,
944 4217 981 4282 It.
1002 4238 1083 4302 quae
1103 4238 1168 4283 non
1187 4223 1262 4281 sunt
1279 4221 1377 4282 tam-

213 4342 328 4403 quam
350 4329 461 4405 sunt,
484 4324 577 4407 Vulg.
601 4329 763 4406 tamquam
788 4344 833 4406 ea,
858 4344 940 4408 quae
964 4331 1054 4401 sunt3

319 4497 339 4565 ¹)
358 4502 449 4553 contra
467 4499 554 4553 Faust.
574 4500 643 4565 21,8,
662 4499 695 4553 de
714 4500 778 4553 Gen.
799 4500 829 4553 ad
849 4499 902 4555 litt.
922 4502 1007 4568 1124.

319 4587 339 4658 ²)
357 4587 487 4657 Roensoh,
506 4605 564 4658 pag.
583 4590 644 4644 447.
