3517 5175
671 367 893 431 ..75-

196 549 278 628 runt,
313 546 407 610 euius
443 546 591 630 exempla
625 550 753 611 exstant
788 549 817 609 2.
853 545 936 611 Petr.
970 547 1022 627 2,4
1057 536 1076 606 ὁ
1111 538 1194 617 θεὸς
1224 536 1371 632 ἀγγέλων

196 642 455 738 ἁμαρτησάντων
477 645 537 716 οὐκ
560 649 730 738 ἐφείσατο.
756 652 793 716 lt.
817 658 849 718 et
869 653 962 736 Vulg.
984 653 1071 719 Deua
1092 652 1215 737 angelis
1235 670 1371 736 pecean-

195 756 280 820 tibus
303 776 367 822 non
391 761 550 844 pepercit3
577 762 604 824 l.
627 759 705 823 Tim.
730 761 802 842 1‚12
834 757 954 825 πιστόν
981 783 1024 842 με
1054 753 1198 848 ἡγήσατο
1229 757 1372 839 θέμενος

195 857 244 941 εἰς
267 860 448 941 διακονίαν,
472 867 583 950 fragm.
605 866 642 931 lt.
663 871 695 932 et
711 867 804 950 Vulg.
820 867 950 932 fidelem
968 888 1019 933 me
1035 867 1232 933 existimavit
1246 883 1372 950 ponens

193 971 228 1033 in
244 971 436 1053 ministeri0;
459 973 573 1058 Ephea
598 976 668 1056 1,13
690 970 725 1037 dr
741 960 767 1057 ᾦ
784 972 839 1039 καί
855 971 1091 1050 πιστεύσαντες
1108 967 1369 1058 ἐσφραγίσθητε,

194 1097 278 1142 nora
300 1079 412 1164 fragm.
436 1080 473 1146 It
497 1086 530 1147 et
553 1081 647 1165 Vulg.
670 1083 704 1145 in
728 1102 791 1165 quo
816 1082 983 1147 eredentes
1006 1081 1122 1161 signati
1145 1078 1231 1145 estis.

306 1204 348 1268 Et
386 1207 468 1271 hane
507 1206 637 1289 quidem
676 1207 921 1273 conversionem
962 1211 1108 1272 auctores
1147 1210 1178 1270 et
1207 1202 1306 1267 Italae
1341 1204 1374 1265 et

196 1310 354 1395 Vulgatae
377 1314 542 1380 adamasse
566 1334 608 1380 ex
628 1334 665 1379 eo
686 1315 831 1398 intellegi
852 1319 965 1399 potest
989 1314 1075 1397 quod
1096 1310 1255 1397 participii
1272 1328 1373 1393 praes.

194 1438 251 1502 pro
275 1421 385 1503 partic.
409 1441 473 1485 aer.
497 1426 556 1487 aet
581 1423 724 1506 usurpati
750 1423 792 1486 80
815 1422 883 1488 fere
906 1421 1055 1505 exempla
1078 1421 1111 1483 in
1135 1418 1215 1483 Itala
1239 1422 1271 1481 et
1295 1419 1312 1480 7
1337 1416 1372 1478 in

194 1527 383 1610 fragmentis
405 1527 505 1593 ltalae
529 1528 643 1613 collegi
669 1550 741 1595 eum
766 1530 874 1595 verbis
898 1529 1054 1610 Vulgatae
1078 1525 1321 1593 consentientia.

306 1650 475 1718 Praeterea
504 1660 575 1719 octo
607 1654 685 1719 loeis
713 1661 824 1720 auctor
847 1654 947 1720 Italae
977 1654 1145 1739 participio
1170 1670 1272 1736 praes.
1294 1667 1373 1712 usus

194 1763 251 1838 est,
275 1759 392 1840 quibus
420 1760 614 1844 Hieronymi
641 1763 859 1847 interpretatio
884 1763 1152 1827 constructionem
1181 1758 1232 1824 vel
1262 1776 1373 1822 causa-

194 1864 258 1931 lem
282 1865 333 1931 vel
357 1869 563 1953 temporalem
587 1870 638 1934 vel
662 1869 827 1934 relativam
852 1870 1001 1936 exhibet:

581 2009 585 2062 l
742 2010 844 2065 Itala
1106 2006 1265 2078 Vulgata

316 2096 374 2151 Gal.
392 2097 446 2164 4,9.

193 2179 418 2254 γνόνιες....
443 2187 570 2259 turmot·
597 2171 860 2257 cognoscentes
889 2232 895 2245 .
925 2234 930 2244 .
964 2233 970 2245 .
998 2205 1079 2259 quum
1096 2185 1372 2257 cognoveritis.....

194 2289 270 2343 φενε.
597 2277 790 2334 convertimini
999 2275 1192 2332 convertimini.

302 2363 377 2419 Rom.
399 2367 467 2430 1,21.

193 2447 308 2521 γνόντες
340 2451 388 2507 τὸν
419 2451 488 2508 θεὸν
519 2453 569 2526 οὐχ
597 2460 857 2527 cognoscentes
883 2458 970 2512 Deum
999 2473 1080 2528 quum
1100 2454 1284 2524 cognovissent
1302 2469 1341 2522 sq.

193 2534 232 2602 ὥς
251 2540 321 2595 θεὸν
338 2540 484 2606 ἐδόξασαν.
596 2562 650 2602 non
680 2546 749 2602 siem
775 2547 863 2603 Deum
891 2546 970 2617 glori·

596 2636 754 2715 ficaverunt¹
773 2638 817 2708 (de
842 2638 892 2693 eir.
920 2639 971 2694 Dei

597 2726 659 2793 8,10
693 2728 721 2781 et
757 2732 849 2782 eontra
880 2728 970 2784 Faust.

596 2816 798 2884 ao,19.22‚93;
824 2834 883 2871 eum
910 2834 970 2887 ecg-

597 2906 741 2974 novissent,
766 2909 858 2961 mntra
880 2908 970 2962 Faust.

598 2995 677 3065 σαι).

302 3078 365 3133 Luc.
385 3081 455 3145 att.

195 3165 395 3239 ίπιλαβόμενος
455 3170 570 3225 παιδίου
597 3174 873 3243 adprehendens
905 3192 970 3245 pue·
999 3172 1174 3243 apprehendit
1200 3186 1312 3241 puerum
1344 3176 1372 3223 et

195 3258 310 3324 ἔστησεν
328 3254 404 3313 αὐτό.
597 3279 656 3317 rum
675 3261 769 3318 statuit
787 3281 856 3318 euni.
998 3261 1092 3318 statuit
1110 3260 1193 3314 illum,

280 3345 394 3418 Philipp.
413 3349 484 3414 2,]9.

195 3437 242 3487 rm
261 3473 268 3487 .
289 3471 323 3486 ..
348 3435 461 3507 εὐψυχῶ
487 3437 571 3507 γνοὺς
596 3444 652 3498 ut.
677 3483 683 3497 .
710 3482 716 3496 .
743 3482 749 3496 .
782 3441 851 3496 bono
883 3442 971 3498 animo
1000 3438 1225 3509 ....cognitis,
1245 3454 1312 3509 quae
1331 3453 1370 3507 sq.

196 3522 230 3576 τὰ
248 3527 313 3596 περὶ
332 3520 419 3596 ὑμῶν.
597 3530 656 3598 sim,
671 3547 887 3601 cognoscens,
903 3549 971 3602 quae

597 3619 667 3675 eirca
685 3636 732 3674 vos
750 3622 820 3674 sunt

297 3705 320 3757 l.
340 3703 400 3760 Cer.
419 3705 470 3771 2‚1.
674 3709 778 3779 Fragm.
798 3709 890 3764 Italae.

197 3790 289 3846 ttcdr
307 3830 314 3844 .
334 3832 341 3847 .
362 3830 370 3846 .
390 3829 397 3843 .
417 3784 513 3861 ἦλθον.
597 3798 748 3853 veniens
767 3841 774 3854 .
794 3839 801 3852 .
821 3840 827 3854 .
847 3799 917 3854 veni.
998 3814 1080 3868 quum
1094 3798 1263 3851 venissem.
1278 3838 1285 3851 .
1300 3794 1370 3850 veni.

284 3883 381 3953 ltphes
403 3885 471 3949 1,13.
661 3887 738 3943 Nova
755 3889 850 3957 fragm.
870 3888 905 3944 It.

197 3969 228 4022 e
252 3958 273 4041 ᾧ
298 3975 345 4025 καὶ
368 3967 445 4044 ὑμεῖς
446 4010 684 4039 .........
703 3978 892 4032 audientes
910 3994 970 4032 rer·
999 4018 1032 4031 ..
1057 4019 1063 4031 .
1087 4018 1094 4031 .
1121 3992 1203 4045 quum
1231 3973 1371 4029 audissetis

197 4055 364 4122 ἀκούσαντες
381 4057 431 4114 τὸν
448 4057 541 4133 λόγον.
597 4065 669 4121 bum.
997 4064 1117 4120 verbum.

302 4151 399 4221 Ephes.
420 4154 469 4220 1,5.

197 4238 335 4300 ἓξείέξαῐο
354 4276 361 4291 ·
382 4277 390 4293 ·
411 4244 569 4313 προορίσας·
597 4242 714 4314 elegit..
730 4287 737 4300 .
751 4284 757 4298 .
772 4244 970 4315 praedesti·
999 4242 1079 4313 elegit
1103 4284 1108 4297 .
1135 4284 1167 4300 ..
1191 4242 1237 4315 qui
1260 4243 1370 4313 praede·

315 4397 317 4400 Α
597 4349 692 4388 naus.
998 4333 1114 4389 stinarit

309 4419 334 4474 3.
352 4419 411 4474 Joh.
431 4422 456 4477 6.
681 4422 750 4479 Itala
767 4423 881 4494 Speculi

198 4510 287 4568 καλῶς
303 4504 424 4571 πονήσεις
441 4514 571 4583 οραοέμ-
599 4512 764 4567 benefacies
782 4514 970 4569 deducens.
998 4513 1066 4569 bene
1085 4512 1187 4567 faciens
1205 4512 1327 4567 deduces.

199 4606 262 4665 φας.
