3517 5175
839 363 1061 428 ..gg-

869 539 1029 610 Vulgnta.
1298 537 1398 593 Itala

452 637 534 693 Hebr.
555 635 641 702 10,30.

362 734 424 804 ἐμοὶ
443 729 587 793 ἐκδίκησις.
764 721 828 774 mihi
848 720 1017 775 vindicta.
1165 718 1229 771 mihi
1248 718 1399 773 vindictam.

455 816 552 873 Ehes.
572 816 642 868 413.

363 917 400 972 εις
418 907 468 976 τὴν
479 835 599 970 1ἑνοίηιιῑ
625 905 671 968 τῆς
689 905 736 953 ιιλ-
764 900 791 953 in
834 898 964 953 unitatem
1004 899 1068 952 fidei
1111 901 1139 951 et
1165 898 1192 949 in
1207 898 1336 951 unitatem
1350 899 1415 953 fidei
1429 897 1538 965 stagni·

362 1018 445 1058 οτεοις
472 1001 518 1050 zei
545 994 590 1057 τῆς
616 987 737 1060 ἐπιγνώ-
764 988 972 1058 agnitionis.
1165 987 1273 1043 tionem.

363 1106 438 1148 σὲως.

462 1178 485 1229 l.
505 1174 564 1231 Cor.
584 1174 635 1235 5,5.

362 1269 394 1321 ἐν
414 1267 447 1338 τῇ
466 1262 562 1337 ἡμέρᾳ.
765 1258 879 1312 indie.
1165 1256 1191 1308 in
1211 1255 1289 1311 diem.

363 1348 735 1425 spoes.4,30et‘2.1³etr.2,a

363 1449 401 1505 εἰς
418 1442 532 1516 ἡμέραν.
764 1436 798 1489 in
816 1436 912 1491 diem.
1166 1435 1193 1487 in
1211 1435 1262 1489 die.

457 1533 532 1586 Rem.
554 1531 621 1592 105).

362 1619 404 1679 ὅτι
431 1619 481 1676 ἐὰν
508 1614 680 1692 ὁμολογήσῃς
706 1614 737 1669 o
764 1615 863 1684 quiesi
883 1615 1036 1669 confitearis
1050 1615 1076 1667 in
1092 1631 1137 1668 ore
1166 1613 1189 1666 si
1221 1614 1291 1667 enim
1324 1614 1478 1668 eonfitearn's
1511 1611 1540 1665 in

362 1715 400 1781 τῷ
424 1708 542 1782 σιόμιιιί
565 1723 616 1760 σου
641 1704 737 1776 κύριον
763 1707 810 1759 tuo
822 1704 1006 1758 Dominum
1018 1706 1034 1759 J
1040 1722 1136 1758 esoni.
1165 1719 1211 1756 ore
1226 1707 1271 1757 tuo
1287 1704 1349 1773 quia
1361 1704 1483 1757 dominus
1499 1705 1542 1755 est

359 1802 473 1869 Ἰησοῦν.
1164 1792 1251 1846 iesus.

461 1888 520 1943 Joh.
542 1886 628 1954 9130.

363 1983 409 2033 καὶ
428 1972 506 2047 {inor
524 1975 617 2046 Κύριε.
765 1976 792 2026 et
810 1973 891 2028 dixit:
909 1973 1065 2028 Domine.
1166 1973 1193 2024 et
1211 1971 1316 2026 dixerat
1333 1971 1447 2025 domino.

458 2068 534 2122 Rom.
555 2066 641 2133 14,15.

362 2156 396 2209 ιὰ
416 2157 463 2223 τῆς
481 2155 635 2226 οἰκοδομῆς.
764 2168 832 2221 quas
860 2151 1137 2206 aedificationis
1166 2166 1233 2219 queo
1264 2151 1296 2203 ad
1327 2149 1543 2204 aedificationem

440 2247 444 2254 '
764 2244 834 2296 sunt.
1165 2242 1235 2292 sunt.

459 2335 535 2389 Rom.
556 2334 642 2398 11‚11.

363 2428 400 2492 τῷ
420 2422 512 2476 αὐτῶν
533 2415 736 2492 παραπτώματι
764 2419 869 2473 illorum
901 2419 1036 2474 delioto
1066 2420 1138 2475 salus
1162 2417 1290 2472 delictum
1323 2417 1429 2472 illorum
1466 2418 1544 2472 salus

362 2511 519 2584 ἡσωιηρλιι
542 2515 599 2571 τοῖς
617 2510 736 2563 ἔθνεσιν.
765 2512 806 2562 est
823 2510 955 2578 gentibus,
1164 2508 1295 2576 gentibus.

459 2604 540 2658 Hebr.
561 2600 648 2666 1034.
1077 2666 1080 2677 Ι

362 2701 400 2755 εἰς
418 2690 600 2766 παροξυσμὸν
620 2682 735 2760 ἀγάπης.
765 2688 792 2741 in
847 2689 1136 2758 provocationem
1164 2686 1192 2739 in
1214 2687 1399 2756 provocatione
1412 2687 1542 2742 caritatis

765 2778 890 2835 caritatis.

453 2887 642 2957 Aetap.1,8.

363 2980 482 3051 δύναμιν
500 2975 667 3035 ἐπελθόντος
684 3011 691 3025 .
706 3012 734 3028 ..
765 2976 891 3029 virtutem
924 2975 1136 3044 superveni·
1165 2973 1291 3027 virtutem
1317 2974 1425 3042 spiritns
1453 2975 1543 3028 saneti

363 3067 526 3139 πνεύματος,
765 3065 1008 3134 entisSpiritus
1021 3065 1136 3119 saneti.
1164 3063 1406 3133 supervenientem.

456 3173 553 3243 Ephes
572 3171 642 3238 433.

363 3262 550 3316 ἀνανεοῦσθαι
562 3260 592 3313 δὲ
606 3263 641 3329 rei
652 3255 737 3314 πνεύ-
766 3260 930 3316 renovamini
939 3264 1027 3315 antem
1040 3261 1136 3330 spiri·
1165 3260 1328 3314 renovamini
1347 3260 1375 3313 in
1394 3260 1496 3329 spirit.

361 3371 437 3422 μιλτι.
764 3360 806 3405 tu.

463 3457 634 3525 Luc.11,42.

363 3544 426 3600 οὐαὶ
463 3545 530 3619 ὑμῖν
560 3552 616 3606 τοῖς
648 3549 737 3616 ‹eaor-
763 3565 813 3602 vae
832 3547 907 3601 vobis
924 3546 1135 3602 Pharisaeis.
1165 3545 1477 3613 vnevobis,Pha1isaei.

362 3641 458 3697 aaron.

458 3744 534 3798 Rom.
556 3745 640 3805 laio.

362 3834 395 3905 ιι]
414 3833 584 3903 φιλαδελφίᾳ
604 3827 737 3899 εῖςιέλλή·
764 3833 919 3887 caritate
961 3834 1137 3888 fraternitatis
1165 3831 1301 3886 oarimtem
1310 3830 1486 3885 fraternitatis
1498 3847 1541 3901 54].

362 3925 426 3983 λοος
445 3916 633 3992 φιλόστοργοι.
763 3922 877 3977 invicem
897 3922 1045 3991 diligentes,

460 4031 485 4083 2.
504 4029 569 4084 itm.
588 4031 639 4096 al.

363 4119 394 4173 ἰν
412 4119 444 4190 ιῇ
457 4116 561 4191 χάριτι.
763 4118 798 4172 in
816 4119 934 4189 gratia
1164 4118 1192 4170 in
1210 4117 1331 4186 gratian.

475 4226 550 4281 Rom.
570 4226 621 4295 53.

364 4318 401 4376 εις
419 4314 470 4383 τὴν
483 4311 568 4389 χάριν
586 4311 694 4381 ταύτην.
764 4315 796 4369 in
815 4316 967 4385 gratiam
987 4316 1096 4369 istam.
1164 4314 1192 4366 in
1210 4313 1295 4382 gratia
1313 4313 1371 4368 ista.

457 4423 571 4494 Philipp.
592 4426 642 4491 1,3.

362 4516 409 4568 tui
422 4512 496 4586 ιιοὶσῃ
509 4516 541 4586 τῇ
552 4518 635 4584 μνείᾳ
647 4510 733 4584 ὑμῶν.
762 4512 790 4565 in
835 4512 928 4566 omni
970 4512 1137 4565 memoria
1163 4510 1192 4563 in
1228 4509 1349 4564 omnibus
1381 4509 1539 4564 memoriam

762 4601 854 4656 vestri
1163 4600 1246 4655 vestri
1264 4600 1373 4654 habeffi.
