3517 5175
688 387 910 451 -79-

212 565 303 631 Rom.
336 567 405 648 1,21
439 569 471 632 et
499 564 566 630 Gal.
595 567 646 647 4,9
670 565 794 630 insola
818 564 956 649 Vulgata
978 586 1053 632 cum
1076 567 1299 633 concessivum
1322 567 1385 651 legi

212 694 309 759 supra
332 673 630 740 demonstravimus.

324 838 382 901 Ac.
417 856 466 921 ap.
498 835 548 918 l‚6
579 839 612 901 et
641 835 693 917 2,6
720 834 802 899 itala
831 839 862 900 et
892 834 1030 919 Vulgata
1059 837 1094 898 in
1124 836 1291 920 participio
1322 857 1385 902 aer.

211 942 367 1009 vertendo
399 944 445 1007 ita
474 942 635 1026 difienrnt,
666 946 702 1007 ut
728 943 763 1006 in
786 942 842 1006 illa
865 962 938 1007 cum
962 942 1145 1027 temporale,
1167 945 1202 1007 in
1226 944 1287 1008 hac
1310 964 1387 1009 con-

212 1051 346 1118 structio
368 1051 502 1117 relativa
522 1056 554 1117 et
576 1051 734 1116 ablativus
758 1050 921 1115 absolutus
944 1049 1075 1134 legatur.

325 1211 658 1278 Coniunctiones
677 1217 940 1298 posteaquam
962 1213 1001 1278 et
1019 1211 1088 1275 ubi
1109 1211 1158 1275 bis
1174 1212 1385 1297 deprehendi:

325 1337 393 1403 Gal.
418 1339 490 1421 3,25
516 1332 684 1426 ἐλθούσης
706 1336 744 1405 δὲ
765 1339 824 1424 τῆς
847 1331 1002 1414 πίστεως,
1033 1337 1070 1402 It.
1101 1337 1157 1403 sed
1180 1344 1387 1423 posteaquam

217 1484 257 1495 —
284 1465 370 1510 nova
392 1447 504 1529 fragm.
527 1445 564 1510 It
587 1450 754 1530 postquam
791 1483 827 1493 -
856 1446 947 1509 venit
968 1444 1059 1527 fides,
1083 1444 1177 1529 Vulg.
1200 1451 1233 1510 at
1255 1445 1310 1509 ubi
1333 1466 1388 1530 sq,

213 1552 290 1619 Luc.
316 1555 419 1637 14,29.

325 1714 575 1780 Sententiae
597 1714 746 1777 finalis
768 1733 868 1777 unum
895 1717 999 1778 exstat
1021 1713 1220 1798 exemplum:

324 1839 440 1924 Ephcs
466 1842 515 1922 1‚9
539 1833 702 1927 γνωρίσας
726 1830 862 1925 ἡμῖντὸ
885 1833 1077 1925 μυστήριον,
1107 1858 1191 1903 nova
1213 1841 1324 1923 fragm.
1349 1840 1386 1904 [t

214 1951 251 2011 ut
273 1948 462 2030 ostenderet
486 1946 580 2029 Vulg.
604 1949 640 2009 ut
661 1952 771 2008 notum
795 1945 916 2010 faceret
939 1944 1032 2009 nobis
1055 1949 1253 2028 mysterium.

326 2108 533 2191 Participium
570 2127 633 2170 aor.
666 2106 896 2170 sententiis
934 2107 1257 2189 interrogativis
1289 2115 1388 2171 tarn-

214 2235 330 2300 quam
365 2216 522 2278 innexum
557 2214 748 2295 investigavi
783 2211 859 2277 Luc.
891 2214 964 2295 8‚45
994 2209 1045 2291 τίς
1076 2205 1094 2274 ὃ
1125 2208 1300 2298 ἁψάμενός
1326 2239 1387 2299 pe,-

214 2325 286 2406 quis
317 2341 369 2386 me
401 2321 527 2403 tetigit?
561 2325 593 2384 ct
627 2322 654 2384 l.
685 2319 754 2384 Cor.
784 2321 834 2400 4‚7
866 2314 901 2382 τί
928 2324 1090 2400 καυχᾶσαι
1119 2313 1164 2396 ὡς
1185 2316 1232 2406 μὴ
1256 2317 1386 2408 toficios,-

214 2429 290 2513 quid
314 2428 459 2512 gloriaris
482 2428 573 2510 quasi
596 2446 660 2490 non
686 2429 871 2512 acceperis?

324 2588 394 2655 Nec
416 2589 664 2654 sententiam
689 2588 1018 2654 conditionalem
1039 2590 1133 2673 plane
1154 2590 1265 2656 deesse
1286 2611 1387 2655 unum

214 2702 348 2763 testam
381 2696 563 2780 exemplum
600 2694 678 2761 Luc.
713 2698 786 2777 935
822 2691 856 2760 τί
887 2694 949 2782 γὰρ
985 2689 1166 2782 ὠφελεῖται
1204 2687 1389 2783 ἅνθρωπος

215 2798 395 2891 κερδήσαςς
419 2803 495 2887 quid
520 2804 607 2869 euim
631 2804 759 2887 proiicit
780 2804 886 2886 homo,
909 2804 936 2867 si
959 2804 1125 2868 lucretur?

326 2963 397 3028 Duo
421 2964 560 3048 denique
583 2963 747 3029 afferenda
769 2971 844 3027 sunt
866 2964 1014 3048 exempla
1037 2964 1245 3045 geruudii:

325 3106 402 3171 Luc.
428 3108 521 3190 1035
545 3104 580 3172 τί
602 3101 748 3192 ποιήσας
772 3156 780 3171 .
806 3156 814 3171 .
841 3155 848 3170 .
876 3156 883 3170 .
909 3099 1169 3193 κληρονομήσας
1203 3107 1281 3190 quid
1311 3107 1388 3171 iaci-

214 3213 299 3279 endo
323 3263 330 3276 .
354 3264 361 3278 .
387 3264 393 3278 .
418 3265 425 3277 .
448 3214 640 3298 possidebo?
664 3218 697 3278 et
720 3216 748 3277 1.
772 3214 842 3279 Cor.
867 3215 963 3295 1234
987 3205 1075 3289 δούς,
1100 3213 1278 3278 tribuendo.

325 3374 499 3458 Postquam
520 3380 567 3439 tot
585 3375 671 3440 locos
693 3375 865 3457 attulimus
888 3374 1005 3458 quibus
1025 3374 1201 3439 Bibliorum
1219 3374 1388 3439 Sacrorum

214 3481 348 3547 Latinae
371 3483 535 3547 versiones
557 3483 762 3567 participium
786 3482 896 3546 aoristi
919 3482 1119 3547 secundariis
1142 3483 1309 3547 sententiis
1332 3502 1388 3546 ex·

213 3596 406 3673 presserunt,
444 3590 687 3655 meminerimus
725 3589 892 3653 nonnullis
930 3589 1009 3654 locis
1043 3594 1189 3653 auctores
1223 3590 1388 3671 utriusque

214 3698 369 3762 versionis
398 3718 454 3781 pro
485 3697 546 3762 hoc
576 3697 744 3781 participio
774 3695 871 3761 verbo
902 3697 995 3760 finito
1019 3696 1170 3760 adiuncto
1195 3695 1317 3759 duobus
1340 3697 1387 3760 uti

215 3803 320 3869 verbis
343 3805 454 3886 linitis,
478 3805 570 3869 cuius
594 3806 640 3869 rei
663 3810 790 3889 praeter
808 3804 896 3868 locos
914 3824 1010 3888 supra
1029 3807 1290 3869 commemoratos
1308 3803 1389 3868 haec

216 3913 256 3975 12
295 3913 404 3976 notavi
442 3911 605 3996 exempla:
649 3910 726 3977 Luc.
766 3914 838 3993 5,14
878 3903 1040 3978 dortour
1077 3909 1197 3989 δεῖξον,
1236 3910 1317 3975 vade
1356 3916 1388 3975 ot

214 4018 361 4098 ostende;
391 4022 463 4084 Act
493 4040 541 4104 ap.
573 4021 624 4102 v‚4
656 4015 834 4096 ἐξελθὼν.
861 4067 869 4083 .
897 4064 904 4078 .
930 4011 1127 4105 κατῴκησεν,
1160 4019 1300 4083 exiit..
1325 4022 1388 4082 .et

214 4125 793 4209 habitaviuttatth.18,30.31.32.
840 4125 938 4190 Marc.
965 4126 1067 4208 1238.
1114 4124 1191 4190 Luc.
1223 4125 1386 4207 alueo.

216 4235 286 4316 11,t
299 4234 470 4316 .8.14,10.

324 4394 422 4458 Marc.
459 4395 530 4476 337
568 4388 678 4473 οὐδεὶς
713 4386 849 4459 δύναται
879 4442 888 4457 .
921 4441 929 4455 .
964 4441 972 4457 .
998 4387 1187 4471 εἶςελθών.
1216 4442 1253 4457 ..
1291 4393 1386 4477 διαρ-

215 4497 334 4575 πάσαι,
370 4501 408 4565 It
439 4520 532 4565 uerno
559 4505 664 4585 potest
691 4551 728 4565 ..
761 4550 767 4564 .
797 4501 931 4565 introire
961 4504 994 4564 ct
1126 4501 1257 4584 eripere,
1294 4499 1385 4583 Vulg.

214 4629 310 4673 nemo
333 4613 436 4692 petest
459 4658 466 4672 .
490 4658 497 4672 .
521 4657 528 4672 .
552 4657 559 4671 .
582 4609 746 4691 ingressus
769 4658 776 4672 .
800 4657 807 4671 .
832 4657 838 4671 .
862 4608 1009 4692 diripere.
