<?xml version="1.0" encoding="UTF-8"?>
<!DOCTYPE html PUBLIC "-//W3C//DTD XHTML 1.0 Transitional//EN"
    "http://www.w3.org/TR/xhtml1/DTD/xhtml1-transitional.dtd">
<html xmlns="http://www.w3.org/1999/xhtml" xml:lang="en" lang="en">
 <head>
  <title>
</title>
<meta http-equiv="Content-Type" content="text/html;charset=utf-8" />
  <meta name='ocr-system' content='tesseract 3.04.00' />
  <meta name='ocr-capabilities' content='ocr_page ocr_carea ocr_par ocr_line ocrx_word'/>
</head>
<body>
  <div class='ocr_page' id='page_1' title='image "./quaesititalaequ00ehrlgoog_0086.png"; bbox 0 0 3517 5175; ppageno 0'>
   <div class='ocr_carea' id='block_1_1' title="bbox 552 1016 1350 1106">
    <p class='ocr_par' dir='ltr' id='par_1_1' title="bbox 552 1016 1350 1106">
     <span class='ocr_line' id='line_1_1' title="bbox 552 1016 1350 1106; baseline -0.001 -18"><span class='ocrx_word' id='word_1_1' title='bbox 552 1017 616 1089; x_wconf 73' lang='grc' dir='ltr'>Ιὶο</span> <span class='ocrx_word' id='word_1_2' title='bbox 640 1017 1106 1106; x_wconf 67' lang='lat' dir='ltr'>interrogationibus</span> <span class='ocrx_word' id='word_1_3' title='bbox 1130 1016 1350 1103; x_wconf 71' lang='lat' dir='ltr'>obliquiu.</span> 
     </span>
    </p>
   </div>
   <div class='ocr_carea' id='block_1_2' title="bbox 369 1181 1542 2447">
    <p class='ocr_par' dir='ltr' id='par_1_2' title="bbox 369 1181 1542 2447">
     <span class='ocr_line' id='line_1_2' title="bbox 484 1181 1541 1265; baseline -0.002 -20"><span class='ocrx_word' id='word_1_4' title='bbox 484 1181 564 1245; x_wconf 88' lang='lat' dir='ltr'>Cum</span> <span class='ocrx_word' id='word_1_5' title='bbox 589 1182 719 1247; x_wconf 88' lang='lat' dir='ltr'>Graecis</span> <span class='ocrx_word' id='word_1_6' title='bbox 742 1184 777 1245; x_wconf 93' lang='lat' dir='ltr'>in</span> <span class='ocrx_word' id='word_1_7' title='bbox 800 1181 1104 1265; x_wconf 72' lang='lat' dir='ltr'>interrogationibus</span> <span class='ocrx_word' id='word_1_8' title='bbox 1127 1181 1273 1265; x_wconf 86' lang='lat' dir='ltr'>obliquis,</span> <span class='ocrx_word' id='word_1_9' title='bbox 1304 1200 1386 1263; x_wconf 89' lang='lat' dir='ltr'>quae</span> <span class='ocrx_word' id='word_1_10' title='bbox 1415 1186 1541 1264; x_wconf 85' lang='lat' dir='ltr'>tempus</span> 
     </span>
     <span class='ocr_line' id='line_1_3' title="bbox 370 1286 1542 1373; baseline -0.002 -21"><span class='ocrx_word' id='word_1_11' title='bbox 370 1309 529 1373; x_wconf 85' lang='lat' dir='ltr'>praesens,</span> <span class='ocrx_word' id='word_1_12' title='bbox 558 1290 734 1373; x_wconf 76' lang='lat' dir='ltr'>perfectum</span> <span class='ocrx_word' id='word_1_13' title='bbox 766 1292 817 1354; x_wconf 85' lang='lat' dir='ltr'>vel</span> <span class='ocrx_word' id='word_1_14' title='bbox 847 1290 990 1353; x_wconf 80' lang='lat' dir='ltr'>futurum</span> <span class='ocrx_word' id='word_1_15' title='bbox 1024 1293 1213 1372; x_wconf 87' lang='lat' dir='ltr'>sequuntur,</span> <span class='ocrx_word' id='word_1_16' title='bbox 1245 1289 1359 1352; x_wconf 91' lang='lat' dir='ltr'>modus</span> <span class='ocrx_word' id='word_1_17' title='bbox 1388 1286 1478 1352; x_wconf 83' lang='lat' dir='ltr'>verbi</span> <span class='ocrx_word' id='word_1_18' title='bbox 1510 1292 1542 1351; x_wconf 87' lang='lat' dir='ltr'>et</span> 
     </span>
     <span class='ocr_line' id='line_1_4' title="bbox 370 1393 1542 1481; baseline -0.003 -21"><span class='ocrx_word' id='word_1_19' title='bbox 370 1403 504 1480; x_wconf 86' lang='lat' dir='ltr'>tempus,</span> <span class='ocrx_word' id='word_1_20' title='bbox 534 1398 649 1479; x_wconf 91' lang='lat' dir='ltr'>quibus</span> <span class='ocrx_word' id='word_1_21' title='bbox 679 1397 712 1459; x_wconf 93' lang='lat' dir='ltr'>in</span> <span class='ocrx_word' id='word_1_22' title='bbox 736 1396 1039 1481; x_wconf 81' lang='lat' dir='ltr'>interrogationibus</span> <span class='ocrx_word' id='word_1_23' title='bbox 1063 1396 1192 1462; x_wconf 87' lang='lat' dir='ltr'>directis</span> <span class='ocrx_word' id='word_1_24' title='bbox 1216 1399 1359 1478; x_wconf 87' lang='lat' dir='ltr'>utuntur,</span> <span class='ocrx_word' id='word_1_25' title='bbox 1386 1393 1542 1460; x_wconf 84' lang='lat' dir='ltr'>servanda</span> 
     </span>
     <span class='ocr_line' id='line_1_5' title="bbox 369 1503 1540 1588; baseline -0.002 -22"><span class='ocrx_word' id='word_1_26' title='bbox 369 1505 442 1586; x_wconf 80' lang='lat' dir='ltr'>sint,</span> <span class='ocrx_word' id='word_1_27' title='bbox 475 1505 508 1566; x_wconf 93' lang='lat' dir='ltr'>in</span> <span class='ocrx_word' id='word_1_28' title='bbox 542 1505 581 1567; x_wconf 91' lang='lat' dir='ltr'>iis</span> <span class='ocrx_word' id='word_1_29' title='bbox 614 1508 719 1569; x_wconf 87' lang='lat' dir='ltr'>autem</span> <span class='ocrx_word' id='word_1_30' title='bbox 752 1504 1054 1588; x_wconf 80' lang='lat' dir='ltr'>interrogationibus</span> <span class='ocrx_word' id='word_1_31' title='bbox 1084 1503 1230 1586; x_wconf 85' lang='lat' dir='ltr'>obliquis,</span> <span class='ocrx_word' id='word_1_32' title='bbox 1263 1522 1345 1586; x_wconf 87' lang='lat' dir='ltr'>quae</span> <span class='ocrx_word' id='word_1_33' title='bbox 1380 1503 1540 1583; x_wconf 89' lang='lat' dir='ltr'>aoristum,</span> 
     </span>
     <span class='ocr_line' id='line_1_6' title="bbox 370 1608 1541 1696; baseline -0.002 -22"><span class='ocrx_word' id='word_1_34' title='bbox 370 1617 495 1696; x_wconf 89' lang='lat' dir='ltr'>tempus</span> <span class='ocrx_word' id='word_1_35' title='bbox 517 1612 741 1695; x_wconf 80' lang='lat' dir='ltr'>imperiectum</span> <span class='ocrx_word' id='word_1_36' title='bbox 764 1611 815 1677; x_wconf 82' lang='lat' dir='ltr'>vel</span> <span class='ocrx_word' id='word_1_37' title='bbox 838 1612 1187 1696; x_wconf 79' lang='lat' dir='ltr'>plusquamperfectum</span> <span class='ocrx_word' id='word_1_38' title='bbox 1210 1615 1398 1693; x_wconf 89' lang='lat' dir='ltr'>sequuntur,</span> <span class='ocrx_word' id='word_1_39' title='bbox 1428 1608 1467 1673; x_wconf 87' lang='lat' dir='ltr'>ab</span> <span class='ocrx_word' id='word_1_40' title='bbox 1495 1609 1541 1673; x_wconf 85' lang='lat' dir='ltr'>eis</span> 
     </span>
     <span class='ocr_line' id='line_1_7' title="bbox 372 1717 1542 1803; baseline -0.002 -22"><span class='ocrx_word' id='word_1_41' title='bbox 372 1719 492 1784; x_wconf 82' lang='lat' dir='ltr'>servari</span> <span class='ocrx_word' id='word_1_42' title='bbox 515 1720 645 1803; x_wconf 88' lang='lat' dir='ltr'>possint,</span> <span class='ocrx_word' id='word_1_43' title='bbox 668 1721 702 1782; x_wconf 94' lang='lat' dir='ltr'>in</span> <span class='ocrx_word' id='word_1_44' title='bbox 725 1718 816 1784; x_wconf 87' lang='lat' dir='ltr'>Novo</span> <span class='ocrx_word' id='word_1_45' title='bbox 843 1719 1044 1784; x_wconf 84' lang='lat' dir='ltr'>Testamento</span> <span class='ocrx_word' id='word_1_46' title='bbox 1074 1738 1188 1802; x_wconf 90' lang='lat' dir='ltr'>graece</span> <span class='ocrx_word' id='word_1_47' title='bbox 1218 1718 1398 1801; x_wconf 85' lang='lat' dir='ltr'>conscripto</span> <span class='ocrx_word' id='word_1_48' title='bbox 1427 1718 1463 1780; x_wconf 91' lang='lat' dir='ltr'>in</span> <span class='ocrx_word' id='word_1_49' title='bbox 1492 1717 1542 1779; x_wconf 90' lang='lat' dir='ltr'>in·</span> 
     </span>
     <span class='ocr_line' id='line_1_8' title="bbox 370 1825 1541 1911; baseline -0.004 -20"><span class='ocrx_word' id='word_1_50' title='bbox 370 1826 636 1909; x_wconf 86' lang='lat' dir='ltr'>terrogationibus</span> <span class='ocrx_word' id='word_1_51' title='bbox 656 1826 792 1909; x_wconf 91' lang='lat' dir='ltr'>obliquis</span> <span class='ocrx_word' id='word_1_52' title='bbox 811 1827 1000 1911; x_wconf 89' lang='lat' dir='ltr'>plerumque</span> <span class='ocrx_word' id='word_1_53' title='bbox 1018 1826 1284 1893; x_wconf 86' lang='lat' dir='ltr'>indicativus</span> <span class='ocrx_word' id='word_1_54' title='bbox 1302 1825 1428 1909; x_wconf 87' lang='lat' dir='ltr'>legitur,</span> <span class='ocrx_word' id='word_1_55' title='bbox 1446 1843 1541 1907; x_wconf 90' lang='lat' dir='ltr'>quem</span> 
     </span>
     <span class='ocr_line' id='line_1_9' title="bbox 370 1932 1542 2016; baseline -0.003 -19"><span class='ocrx_word' id='word_1_56' title='bbox 370 1932 458 2014; x_wconf 86' lang='lat' dir='ltr'>Itala,</span> <span class='ocrx_word' id='word_1_57' title='bbox 491 1953 553 2015; x_wconf 88' lang='lat' dir='ltr'>qua</span> <span class='ocrx_word' id='word_1_58' title='bbox 582 1936 782 2016; x_wconf 84' lang='lat' dir='ltr'>Augustinus</span> <span class='ocrx_word' id='word_1_59' title='bbox 813 1935 849 1997; x_wconf 90' lang='lat' dir='ltr'>in</span> <span class='ocrx_word' id='word_1_60' title='bbox 882 1934 972 1998; x_wconf 91' lang='lat' dir='ltr'>libris</span> <span class='ocrx_word' id='word_1_61' title='bbox 1005 1934 1073 1999; x_wconf 80' lang='lat' dir='ltr'>»De</span> <span class='ocrx_word' id='word_1_62' title='bbox 1106 1935 1234 1999; x_wconf 87' lang='lat' dir='ltr'>civitate</span> <span class='ocrx_word' id='word_1_63' title='bbox 1264 1932 1343 1998; x_wconf 79' lang='lat' dir='ltr'>Dei«</span> <span class='ocrx_word' id='word_1_64' title='bbox 1377 1937 1409 1997; x_wconf 86' lang='lat' dir='ltr'>et</span> <span class='ocrx_word' id='word_1_65' title='bbox 1437 1932 1471 1994; x_wconf 93' lang='lat' dir='ltr'>in</span> <span class='ocrx_word' id='word_1_66' title='bbox 1501 1932 1542 1995; x_wconf 89' lang='lat' dir='ltr'>iis</span> 
     </span>
     <span class='ocr_line' id='line_1_10' title="bbox 371 2040 1541 2127; baseline -0.002 -24"><span class='ocrx_word' id='word_1_67' title='bbox 371 2040 468 2122; x_wconf 74' lang='lat' dir='ltr'>libris</span> <span class='ocrx_word' id='word_1_68' title='bbox 492 2060 572 2122; x_wconf 90' lang='lat' dir='ltr'>quos</span> <span class='ocrx_word' id='word_1_69' title='bbox 595 2041 744 2107; x_wconf 86' lang='lat' dir='ltr'>volumen</span> <span class='ocrx_word' id='word_1_70' title='bbox 769 2041 867 2105; x_wconf 83' lang='lat' dir='ltr'>XXV</span> <span class='ocrx_word' id='word_1_71' title='bbox 887 2041 1034 2127; x_wconf 74' lang='lat' dir='ltr'>Corporis</span> <span class='ocrx_word' id='word_1_72' title='bbox 1056 2043 1199 2126; x_wconf 91' lang='lat' dir='ltr'>scriptor.</span> <span class='ocrx_word' id='word_1_73' title='bbox 1222 2040 1336 2106; x_wconf 86' lang='lat' dir='ltr'>eccles.</span> <span class='ocrx_word' id='word_1_74' title='bbox 1355 2040 1541 2104; x_wconf 88' lang='lat' dir='ltr'>Latinorum</span> 
     </span>
     <span class='ocr_line' id='line_1_11' title="bbox 372 2146 1541 2233; baseline -0.003 -21"><span class='ocrx_word' id='word_1_75' title='bbox 372 2147 602 2232; x_wconf 79' lang='lat' dir='ltr'>complectitur,</span> <span class='ocrx_word' id='word_1_76' title='bbox 625 2169 702 2212; x_wconf 90' lang='lat' dir='ltr'>usus</span> <span class='ocrx_word' id='word_1_77' title='bbox 726 2153 774 2214; x_wconf 89' lang='lat' dir='ltr'>est</span> <span class='ocrx_word' id='word_1_78' title='bbox 796 2154 828 2215; x_wconf 88' lang='lat' dir='ltr'>et</span> <span class='ocrx_word' id='word_1_79' title='bbox 850 2150 1028 2233; x_wconf 81' lang='lat' dir='ltr'>fragmenta</span> <span class='ocrx_word' id='word_1_80' title='bbox 1050 2148 1157 2232; x_wconf 86' lang='lat' dir='ltr'>Italae,</span> <span class='ocrx_word' id='word_1_81' title='bbox 1188 2169 1251 2231; x_wconf 87' lang='lat' dir='ltr'>qua</span> <span class='ocrx_word' id='word_1_82' title='bbox 1273 2151 1349 2212; x_wconf 89' lang='lat' dir='ltr'>sunt</span> <span class='ocrx_word' id='word_1_83' title='bbox 1372 2146 1541 2212; x_wconf 85' lang='lat' dir='ltr'>verborum</span> 
     </span>
     <span class='ocr_line' id='line_1_12' title="bbox 371 2254 1542 2341; baseline 0 -22"><span class='ocrx_word' id='word_1_84' title='bbox 371 2256 549 2338; x_wconf 80' lang='lat' dir='ltr'>tenacitate,</span> <span class='ocrx_word' id='word_1_85' title='bbox 571 2256 639 2321; x_wconf 81' lang='lat' dir='ltr'>fere</span> <span class='ocrx_word' id='word_1_86' title='bbox 658 2276 785 2341; x_wconf 89' lang='lat' dir='ltr'>semper</span> <span class='ocrx_word' id='word_1_87' title='bbox 803 2256 1053 2338; x_wconf 66' lang='lat' dir='ltr'>servaverunt,</span> <span class='ocrx_word' id='word_1_88' title='bbox 1076 2256 1295 2338; x_wconf 84' lang='lat' dir='ltr'>Hieronymus</span> <span class='ocrx_word' id='word_1_89' title='bbox 1313 2260 1418 2320; x_wconf 84' lang='lat' dir='ltr'>autem</span> <span class='ocrx_word' id='word_1_90' title='bbox 1438 2254 1542 2319; x_wconf 86' lang='lat' dir='ltr'>bonae</span> 
     </span>
     <span class='ocr_line' id='line_1_13' title="bbox 371 2361 1494 2447; baseline 0 -22"><span class='ocrx_word' id='word_1_91' title='bbox 371 2361 550 2427; x_wconf 86' lang='lat' dir='ltr'>Latinitatis</span> <span class='ocrx_word' id='word_1_92' title='bbox 573 2367 719 2428; x_wconf 90' lang='lat' dir='ltr'>auctores</span> <span class='ocrx_word' id='word_1_93' title='bbox 742 2370 872 2429; x_wconf 88' lang='lat' dir='ltr'>secutus</span> <span class='ocrx_word' id='word_1_94' title='bbox 896 2365 981 2428; x_wconf 92' lang='lat' dir='ltr'>haud</span> <span class='ocrx_word' id='word_1_95' title='bbox 1004 2384 1076 2428; x_wconf 88' lang='lat' dir='ltr'>raro</span> <span class='ocrx_word' id='word_1_96' title='bbox 1100 2364 1305 2429; x_wconf 80' lang='lat' dir='ltr'>coniunctim</span> <span class='ocrx_word' id='word_1_97' title='bbox 1329 2362 1494 2447; x_wconf 81' lang='lat' dir='ltr'>expressit</span> 
     </span>
    </p>
   </div>
   <div class='ocr_carea' id='block_1_3' title="bbox 372 2487 1548 4419">
    <p class='ocr_par' dir='ltr' id='par_1_3' title="bbox 372 2487 1544 2787">
     <span class='ocr_line' id='line_1_14' title="bbox 485 2487 1542 2574; baseline -0.004 -21"><span class='ocrx_word' id='word_1_98' title='bbox 485 2487 585 2553; x_wconf 85' lang='lat' dir='ltr'>Cuius</span> <span class='ocrx_word' id='word_1_99' title='bbox 617 2490 798 2554; x_wconf 88' lang='lat' dir='ltr'>tenacitatis</span> <span class='ocrx_word' id='word_1_100' title='bbox 821 2490 920 2554; x_wconf 86' lang='lat' dir='ltr'>Italae</span> <span class='ocrx_word' id='word_1_101' title='bbox 950 2490 1098 2574; x_wconf 86' lang='lat' dir='ltr'>exempla</span> <span class='ocrx_word' id='word_1_102' title='bbox 1126 2490 1207 2554; x_wconf 88' lang='lat' dir='ltr'>haec</span> <span class='ocrx_word' id='word_1_103' title='bbox 1237 2489 1315 2552; x_wconf 90' lang='lat' dir='ltr'>mibi</span> <span class='ocrx_word' id='word_1_104' title='bbox 1339 2489 1542 2571; x_wconf 90' lang='lat' dir='ltr'>inpromptu</span> 
     </span>
     <span class='ocr_line' id='line_1_15' title="bbox 372 2589 1544 2680; baseline 0 -22"><span class='ocrx_word' id='word_1_105' title='bbox 372 2600 460 2659; x_wconf 86' lang='lat' dir='ltr'>sunt:</span> <span class='ocrx_word' id='word_1_106' title='bbox 485 2595 561 2661; x_wconf 88' lang='lat' dir='ltr'>Luc.</span> <span class='ocrx_word' id='word_1_107' title='bbox 587 2598 679 2679; x_wconf 60' lang='lat'>1337</span> <span class='ocrx_word' id='word_1_108' title='bbox 705 2590 765 2664; x_wconf 82' lang='grc' dir='ltr'>οὐκ</span> <span class='ocrx_word' id='word_1_109' title='bbox 790 2589 866 2664; x_wconf 74' lang='lat' dir='ltr'>olda</span> <span class='ocrx_word' id='word_1_110' title='bbox 890 2591 975 2680; x_wconf 78' lang='grc' dir='ltr'><strong><em>ὑμᾶς</em></strong></span> <span class='ocrx_word' id='word_1_111' title='bbox 999 2593 1109 2663; x_wconf 74' lang='grc' dir='ltr'><em>πόθεν</em></span> <span class='ocrx_word' id='word_1_112' title='bbox 1131 2594 1215 2672; x_wconf 76' lang='grc' dir='ltr'><em>ἐστέ,</em></span> <span class='ocrx_word' id='word_1_113' title='bbox 1247 2598 1285 2661; x_wconf 86' lang='lat' dir='ltr'>It</span> <span class='ocrx_word' id='word_1_114' title='bbox 1315 2598 1424 2662; x_wconf 86' lang='lat' dir='ltr'>nescio</span> <span class='ocrx_word' id='word_1_115' title='bbox 1456 2595 1544 2659; x_wconf 90' lang='lat' dir='ltr'>unde</span> 
     </span>
     <span class='ocr_line' id='line_1_16' title="bbox 372 2703 824 2787; baseline 0.002 -19"><span class='ocrx_word' id='word_1_116' title='bbox 372 2704 488 2785; x_wconf 88' lang='lat' dir='ltr'>estis,</span> <span class='ocrx_word' id='word_1_117' title='bbox 512 2703 607 2787; x_wconf 88' lang='lat' dir='ltr'>Vulg.</span> <span class='ocrx_word' id='word_1_118' title='bbox 631 2704 716 2770; x_wconf 89' lang='lat' dir='ltr'>unde</span> <span class='ocrx_word' id='word_1_119' title='bbox 739 2706 824 2785; x_wconf 84' lang='lat' dir='ltr'>sitis3</span> 
     </span>
    </p>

    <p class='ocr_par' dir='ltr' id='par_1_4' title="bbox 373 2802 1543 3003">
     <span class='ocr_line' id='line_1_17' title="bbox 481 2802 1543 2895; baseline -0.001 -21"><span class='ocrx_word' id='word_1_120' title='bbox 481 2812 552 2876; x_wconf 85' lang='lat' dir='ltr'>Act</span> <span class='ocrx_word' id='word_1_121' title='bbox 582 2831 631 2895; x_wconf 87' lang='lat' dir='ltr'>ap.</span> <span class='ocrx_word' id='word_1_122' title='bbox 663 2813 736 2893; x_wconf 70' lang='grc'><strong>1,·24</strong></span> <span class='ocrx_word' id='word_1_123' title='bbox 766 2804 939 2890; x_wconf 77' lang='grc' dir='ltr'><em>ἀνάδειξον</em></span> <span class='ocrx_word' id='word_1_124' title='bbox 969 2802 1007 2876; x_wconf 74' lang='grc' dir='ltr'>ὃν</span> <span class='ocrx_word' id='word_1_125' title='bbox 1036 2810 1184 2890; x_wconf 73' lang='grc' dir='ltr'><strong><em>ἐξελέξω,</em></strong></span> <span class='ocrx_word' id='word_1_126' title='bbox 1216 2813 1253 2876; x_wconf 82' lang='lat' dir='ltr'>It</span> <span class='ocrx_word' id='word_1_127' title='bbox 1277 2811 1417 2892; x_wconf 84' lang='lat' dir='ltr'>ostende,</span> <span class='ocrx_word' id='word_1_128' title='bbox 1447 2830 1543 2893; x_wconf 89' lang='lat' dir='ltr'>quem</span> 
     </span>
     <span class='ocr_line' id='line_1_18' title="bbox 373 2917 969 3003; baseline 0 -21"><span class='ocrx_word' id='word_1_129' title='bbox 373 2917 557 3000; x_wconf 83' lang='lat' dir='ltr'>elegisti,</span> <span class='ocrx_word' id='word_1_130' title='bbox 583 2918 675 3003; x_wconf 90' lang='lat' dir='ltr'>Vulg.</span> <span class='ocrx_word' id='word_1_131' title='bbox 700 2938 794 3000; x_wconf 90' lang='lat' dir='ltr'>quem</span> <span class='ocrx_word' id='word_1_132' title='bbox 819 2919 969 3003; x_wconf 88' lang='lat' dir='ltr'>elegeris;</span> 
     </span>
    </p>

    <p class='ocr_par' dir='ltr' id='par_1_5' title="bbox 374 3017 1545 3323">
     <span class='ocr_line' id='line_1_19' title="bbox 485 3017 1544 3109; baseline -0.001 -21"><span class='ocrx_word' id='word_1_133' title='bbox 485 3027 512 3088; x_wconf 91' lang='lat' dir='ltr'>l.</span> <span class='ocrx_word' id='word_1_134' title='bbox 543 3024 611 3090; x_wconf 81' lang='lat' dir='ltr'>Cor.</span> <span class='ocrx_word' id='word_1_135' title='bbox 644 3028 716 3108; x_wconf 80' lang='lat'>1,16</span> <span class='ocrx_word' id='word_1_136' title='bbox 748 3019 808 3090; x_wconf 77' lang='grc' dir='ltr'>οὐκ</span> <span class='ocrx_word' id='word_1_137' title='bbox 838 3019 915 3092; x_wconf 76' lang='grc' dir='ltr'><em>οἶδα</em></span> <span class='ocrx_word' id='word_1_138' title='bbox 945 3021 981 3091; x_wconf 77' lang='grc' dir='ltr'>εἴ</span> <span class='ocrx_word' id='word_1_139' title='bbox 1004 3050 1077 3091; x_wconf 88' lang='grc' dir='ltr'><em>τινα</em></span> <span class='ocrx_word' id='word_1_140' title='bbox 1105 3017 1207 3091; x_wconf 63' lang='grc' dir='ltr'><em>ἄλλον</em></span> <span class='ocrx_word' id='word_1_141' title='bbox 1231 3021 1406 3109; x_wconf 75' lang='grc' dir='ltr'><em>ἐβάπτισα,</em></span> <span class='ocrx_word' id='word_1_142' title='bbox 1431 3025 1544 3108; x_wconf 80' lang='lat' dir='ltr'>fragm.</span> 
     </span>
     <span class='ocr_line' id='line_1_20' title="bbox 374 3132 1545 3219; baseline 0.001 -24"><span class='ocrx_word' id='word_1_143' title='bbox 374 3132 410 3196; x_wconf 89' lang='lat' dir='ltr'>It</span> <span class='ocrx_word' id='word_1_144' title='bbox 435 3133 553 3203; x_wconf 78' lang='lat' dir='ltr'>nescio.</span> <span class='ocrx_word' id='word_1_145' title='bbox 577 3134 604 3196; x_wconf 94' lang='lat' dir='ltr'>si</span> <span class='ocrx_word' id='word_1_146' title='bbox 627 3133 765 3215; x_wconf 90' lang='lat' dir='ltr'>aliquem</span> <span class='ocrx_word' id='word_1_147' title='bbox 789 3134 888 3198; x_wconf 90' lang='lat' dir='ltr'>alium</span> <span class='ocrx_word' id='word_1_148' title='bbox 912 3134 1141 3219; x_wconf 83' lang='lat' dir='ltr'>baptizavi,</span> <span class='ocrx_word' id='word_1_149' title='bbox 1162 3134 1255 3217; x_wconf 89' lang='lat' dir='ltr'>Vulg.</span> <span class='ocrx_word' id='word_1_150' title='bbox 1278 3135 1306 3198; x_wconf 92' lang='lat' dir='ltr'>si</span> <span class='ocrx_word' id='word_1_151' title='bbox 1330 3153 1425 3216; x_wconf 89' lang='lat' dir='ltr'>quem</span> <span class='ocrx_word' id='word_1_152' title='bbox 1445 3133 1545 3197; x_wconf 92' lang='lat' dir='ltr'>alium</span> 
     </span>
     <span class='ocr_line' id='line_1_21' title="bbox 374 3238 615 3323; baseline 0 -21"><span class='ocrx_word' id='word_1_153' title='bbox 374 3238 615 3323; x_wconf 63' lang='lat' dir='ltr'>baptizaverim</span> 
     </span>
    </p>

    <p class='ocr_par' dir='ltr' id='par_1_6' title="bbox 372 3340 1545 3539">
     <span class='ocr_line' id='line_1_22' title="bbox 481 3340 1545 3436; baseline -0.001 -26"><span class='ocrx_word' id='word_1_154' title='bbox 481 3346 590 3411; x_wconf 87' lang='lat' dir='ltr'>Matth.</span> <span class='ocrx_word' id='word_1_155' title='bbox 622 3349 693 3430; x_wconf 84' lang='lat'>12,3</span> <span class='ocrx_word' id='word_1_156' title='bbox 726 3342 786 3414; x_wconf 78' lang='grc' dir='ltr'>οὐκ</span> <span class='ocrx_word' id='word_1_157' title='bbox 816 3340 976 3435; x_wconf 73' lang='grc' dir='ltr'>ἀνέγνωτε</span> <span class='ocrx_word' id='word_1_158' title='bbox 999 3346 1033 3414; x_wconf 83' lang='grc' dir='ltr'>τί</span> <span class='ocrx_word' id='word_1_159' title='bbox 1055 3346 1215 3436; x_wconf 74' lang='grc' dir='ltr'>ἐποίησεν</span> <span class='ocrx_word' id='word_1_160' title='bbox 1236 3346 1356 3419; x_wconf 73' lang='lat' dir='ltr'>Actia,</span> <span class='ocrx_word' id='word_1_161' title='bbox 1389 3348 1426 3412; x_wconf 83' lang='lat' dir='ltr'>lt.</span> <span class='ocrx_word' id='word_1_162' title='bbox 1457 3347 1545 3430; x_wconf 89' lang='lat' dir='ltr'>quod</span> 
     </span>
     <span class='ocr_line' id='line_1_23' title="bbox 372 3452 973 3539; baseline 0.007 -23"><span class='ocrx_word' id='word_1_163' title='bbox 372 3454 476 3519; x_wconf 87' lang='lat' dir='ltr'>fecit</span> <span class='ocrx_word' id='word_1_164' title='bbox 497 3452 609 3536; x_wconf 87' lang='lat' dir='ltr'>David,</span> <span class='ocrx_word' id='word_1_165' title='bbox 635 3455 727 3539; x_wconf 83' lang='lat' dir='ltr'>Vulg.</span> <span class='ocrx_word' id='word_1_166' title='bbox 751 3456 829 3538; x_wconf 92' lang='lat' dir='ltr'>quid</span> <span class='ocrx_word' id='word_1_167' title='bbox 851 3456 973 3523; x_wconf 78' lang='lat' dir='ltr'>iecerit,</span> 
     </span>
    </p>

    <p class='ocr_par' dir='ltr' id='par_1_7' title="bbox 373 3578 1547 3988">
     <span class='ocr_line' id='line_1_24' title="bbox 486 3578 1545 3665; baseline 0.002 -23"><span class='ocrx_word' id='word_1_168' title='bbox 486 3578 594 3643; x_wconf 85' lang='lat' dir='ltr'>Matth.</span> <span class='ocrx_word' id='word_1_169' title='bbox 629 3582 701 3663; x_wconf 83' lang='lat'>12,4</span> <span class='ocrx_word' id='word_1_170' title='bbox 734 3580 951 3664; x_wconf 89' lang='lat' dir='ltr'>Hieronymus</span> <span class='ocrx_word' id='word_1_171' title='bbox 986 3602 1113 3665; x_wconf 90' lang='lat' dir='ltr'>quoque</span> <span class='ocrx_word' id='word_1_172' title='bbox 1145 3581 1357 3647; x_wconf 86' lang='lat' dir='ltr'>indicativum</span> <span class='ocrx_word' id='word_1_173' title='bbox 1392 3580 1545 3646; x_wconf 88' lang='lat' dir='ltr'>retinuit:</span> 
     </span>
     <span class='ocr_line' id='line_1_25' title="bbox 373 3677 1547 3774; baseline 0.002 -26"><span class='ocrx_word' id='word_1_174' title='bbox 373 3677 532 3770; x_wconf 75' lang='grc' dir='ltr'>ἀνέγνωτε</span> <span class='ocrx_word' id='word_1_175' title='bbox 555 3732 564 3747; x_wconf 90' lang='grc'><strong>.</strong></span> <span class='ocrx_word' id='word_1_176' title='bbox 589 3737 596 3752; x_wconf 96' lang='grc'><strong>.</strong></span> <span class='ocrx_word' id='word_1_177' title='bbox 622 3733 630 3748; x_wconf 92' lang='grc'><strong>.</strong></span> <span class='ocrx_word' id='word_1_178' title='bbox 657 3736 664 3752; x_wconf 94' lang='grc'><strong>.</strong></span> <span class='ocrx_word' id='word_1_179' title='bbox 696 3690 770 3766; x_wconf 82' lang='grc' dir='ltr'>πῶς</span> <span class='ocrx_word' id='word_1_180' title='bbox 800 3682 952 3774; x_wconf 59' lang='lat' dir='ltr'>rigarem</span> <span class='ocrx_word' id='word_1_181' title='bbox 981 3738 989 3753; x_wconf 87' lang='lat'>.</span> <span class='ocrx_word' id='word_1_182' title='bbox 1016 3739 1024 3754; x_wconf 90' lang='lat'><strong>.</strong></span> <span class='ocrx_word' id='word_1_183' title='bbox 1051 3737 1058 3752; x_wconf 93' lang='lat'>.</span> <span class='ocrx_word' id='word_1_184' title='bbox 1084 3687 1141 3754; x_wconf 83' lang='grc' dir='ltr'>καὶ</span> <span class='ocrx_word' id='word_1_185' title='bbox 1165 3739 1172 3753; x_wconf 94' lang='grc'><strong>.</strong></span> <span class='ocrx_word' id='word_1_186' title='bbox 1200 3735 1207 3750; x_wconf 90' lang='grc'><strong>.</strong></span> <span class='ocrx_word' id='word_1_187' title='bbox 1234 3735 1241 3750; x_wconf 91' lang='grc'><strong>.</strong></span> <span class='ocrx_word' id='word_1_188' title='bbox 1268 3734 1276 3750; x_wconf 92' lang='grc'><strong>.</strong></span> <span class='ocrx_word' id='word_1_189' title='bbox 1302 3681 1433 3774; x_wconf 72' lang='grc' dir='ltr'><em>ἔφαγεν,</em></span> <span class='ocrx_word' id='word_1_190' title='bbox 1466 3707 1547 3770; x_wconf 87' lang='lat' dir='ltr'>quo·</span> 
     </span>
     <span class='ocr_line' id='line_1_26' title="bbox 373 3790 1547 3880; baseline 0.005 -28"><span class='ocrx_word' id='word_1_191' title='bbox 373 3790 468 3855; x_wconf 90' lang='lat' dir='ltr'>modo</span> <span class='ocrx_word' id='word_1_192' title='bbox 500 3793 632 3857; x_wconf 80' lang='lat' dir='ltr'>intravit</span> <span class='ocrx_word' id='word_1_193' title='bbox 664 3800 725 3860; x_wconf 89' lang='lat' dir='ltr'>et.</span> <span class='ocrx_word' id='word_1_194' title='bbox 750 3845 757 3859; x_wconf 94' lang='lat'>.</span> <span class='ocrx_word' id='word_1_195' title='bbox 782 3847 789 3860; x_wconf 88' lang='lat'>.</span> <span class='ocrx_word' id='word_1_196' title='bbox 813 3796 1020 3861; x_wconf 85' lang='lat' dir='ltr'>manducavit</span> <span class='ocrx_word' id='word_1_197' title='bbox 1050 3796 1155 3880; x_wconf 76' lang='lat' dir='ltr'>(Vulg,</span> <span class='ocrx_word' id='word_1_198' title='bbox 1186 3795 1344 3879; x_wconf 83' lang='lat' dir='ltr'>comedit),</span> <span class='ocrx_word' id='word_1_199' title='bbox 1374 3794 1460 3877; x_wconf 91' lang='lat' dir='ltr'>quod</span> <span class='ocrx_word' id='word_1_200' title='bbox 1494 3795 1547 3858; x_wconf 90' lang='lat' dir='ltr'>his</span> 
     </span>
     <span class='ocr_line' id='line_1_27' title="bbox 374 3900 1045 3988; baseline 0.012 -28"><span class='ocrx_word' id='word_1_201' title='bbox 374 3903 538 3981; x_wconf 87' lang='lat' dir='ltr'>praeterea</span> <span class='ocrx_word' id='word_1_202' title='bbox 560 3900 639 3966; x_wconf 91' lang='lat' dir='ltr'>locis</span> <span class='ocrx_word' id='word_1_203' title='bbox 661 3901 782 3967; x_wconf 85' lang='lat' dir='ltr'>factum</span> <span class='ocrx_word' id='word_1_204' title='bbox 806 3922 875 3968; x_wconf 86' lang='lat' dir='ltr'>esse</span> <span class='ocrx_word' id='word_1_205' title='bbox 900 3906 1045 3988; x_wconf 89' lang='lat' dir='ltr'>apparet:</span> 
     </span>
    </p>

    <p class='ocr_par' dir='ltr' id='par_1_8' title="bbox 376 4003 1548 4419">
     <span class='ocr_line' id='line_1_28' title="bbox 485 4003 1548 4098; baseline 0.003 -28"><span class='ocrx_word' id='word_1_206' title='bbox 485 4006 562 4072; x_wconf 89' lang='lat' dir='ltr'>Luc.</span> <span class='ocrx_word' id='word_1_207' title='bbox 586 4009 681 4089; x_wconf 63' lang='lat'><strong>2334</strong></span> <span class='ocrx_word' id='word_1_208' title='bbox 705 4003 744 4075; x_wconf 81' lang='grc' dir='ltr'>οὐ</span> <span class='ocrx_word' id='word_1_209' title='bbox 767 4006 829 4098; x_wconf 82' lang='grc' dir='ltr'>γὰρ</span> <span class='ocrx_word' id='word_1_210' title='bbox 849 4007 980 4076; x_wconf 79' lang='grc' dir='ltr'><em>οἴδασιν</em></span> <span class='ocrx_word' id='word_1_211' title='bbox 998 4006 1031 4075; x_wconf 84' lang='grc' dir='ltr'>τί</span> <span class='ocrx_word' id='word_1_212' title='bbox 1049 4014 1215 4085; x_wconf 83' lang='grc' dir='ltr'><em>ποιοῦσιν,</em></span> <span class='ocrx_word' id='word_1_213' title='bbox 1236 4010 1273 4075; x_wconf 86' lang='lat' dir='ltr'>It</span> <span class='ocrx_word' id='word_1_214' title='bbox 1293 4011 1370 4094; x_wconf 91' lang='lat' dir='ltr'>quia</span> <span class='ocrx_word' id='word_1_215' title='bbox 1387 4010 1548 4093; x_wconf 82' lang='lat' dir='ltr'>nesciunt,</span> 
     </span>
     <span class='ocr_line' id='line_1_29' title="bbox 378 4112 1547 4201; baseline 0.005 -26"><span class='ocrx_word' id='word_1_216' title='bbox 378 4112 455 4194; x_wconf 92' lang='lat' dir='ltr'>quid</span> <span class='ocrx_word' id='word_1_217' title='bbox 478 4113 610 4196; x_wconf 86' lang='lat' dir='ltr'>iaciunt,</span> <span class='ocrx_word' id='word_1_218' title='bbox 633 4115 728 4200; x_wconf 85' lang='lat' dir='ltr'>Vulg.</span> <span class='ocrx_word' id='word_1_219' title='bbox 751 4136 815 4181; x_wconf 88' lang='lat' dir='ltr'>nou</span> <span class='ocrx_word' id='word_1_220' title='bbox 840 4119 927 4183; x_wconf 86' lang='lat' dir='ltr'>enim</span> <span class='ocrx_word' id='word_1_221' title='bbox 951 4119 1065 4201; x_wconf 87' lang='lat' dir='ltr'>sciunt,</span> <span class='ocrx_word' id='word_1_222' title='bbox 1089 4118 1166 4201; x_wconf 91' lang='lat' dir='ltr'>quid</span> <span class='ocrx_word' id='word_1_223' title='bbox 1189 4118 1328 4197; x_wconf 80' lang='lat' dir='ltr'>faciunt3</span> <span class='ocrx_word' id='word_1_224' title='bbox 1351 4117 1424 4182; x_wconf 85' lang='lat' dir='ltr'>Joh.</span> <span class='ocrx_word' id='word_1_225' title='bbox 1448 4119 1547 4199; x_wconf 80' lang='lat'>20,13</span> 
     </span>
     <span class='ocr_line' id='line_1_30' title="bbox 376 4211 1548 4310; baseline 0.005 -26"><span class='ocrx_word' id='word_1_226' title='bbox 376 4212 436 4284; x_wconf 78' lang='grc' dir='ltr'>οὖν</span> <span class='ocrx_word' id='word_1_227' title='bbox 459 4211 535 4286; x_wconf 74' lang='lat' dir='ltr'>alra</span> <span class='ocrx_word' id='word_1_228' title='bbox 558 4224 627 4287; x_wconf 79' lang='grc' dir='ltr'>ποῦ</span> <span class='ocrx_word' id='word_1_229' title='bbox 650 4217 776 4308; x_wconf 72' lang='grc' dir='ltr'><em>ἔθηκαν</em></span> <span class='ocrx_word' id='word_1_230' title='bbox 799 4218 908 4299; x_wconf 80' lang='grc' dir='ltr'><em>αὐτόν,</em></span> <span class='ocrx_word' id='word_1_231' title='bbox 940 4224 977 4289; x_wconf 87' lang='lat' dir='ltr'>lt</span> <span class='ocrx_word' id='word_1_232' title='bbox 1001 4232 1033 4290; x_wconf 88' lang='lat' dir='ltr'>et</span> <span class='ocrx_word' id='word_1_233' title='bbox 1056 4225 1150 4309; x_wconf 86' lang='lat' dir='ltr'>Vulg.</span> <span class='ocrx_word' id='word_1_234' title='bbox 1174 4225 1229 4289; x_wconf 90' lang='lat' dir='ltr'>ubi</span> <span class='ocrx_word' id='word_1_235' title='bbox 1252 4230 1430 4310; x_wconf 90' lang='lat' dir='ltr'>posuerunt</span> <span class='ocrx_word' id='word_1_236' title='bbox 1452 4245 1548 4307; x_wconf 88' lang='lat' dir='ltr'>eum;</span> 
     </span>
     <span class='ocr_line' id='line_1_31' title="bbox 376 4322 1548 4419; baseline 0.005 -31"><span class='ocrx_word' id='word_1_237' title='bbox 376 4326 405 4388; x_wconf 83' lang='lat'>2.</span> <span class='ocrx_word' id='word_1_238' title='bbox 439 4324 507 4390; x_wconf 82' lang='lat' dir='ltr'>Cor.</span> <span class='ocrx_word' id='word_1_239' title='bbox 539 4330 609 4410; x_wconf 64' lang='lat' dir='ltr'>an</span> <span class='ocrx_word' id='word_1_240' title='bbox 642 4322 714 4393; x_wconf 80' lang='grc' dir='ltr'><em>ἰδοὺ</em></span> <span class='ocrx_word' id='word_1_241' title='bbox 738 4375 746 4391; x_wconf 93' lang='grc'><strong>.</strong></span> <span class='ocrx_word' id='word_1_242' title='bbox 773 4377 780 4391; x_wconf 93' lang='grc'><strong>.</strong></span> <span class='ocrx_word' id='word_1_243' title='bbox 807 4375 815 4392; x_wconf 89' lang='grc'><strong>.</strong></span> <span class='ocrx_word' id='word_1_244' title='bbox 841 4378 849 4393; x_wconf 93' lang='grc'><strong><em>.</em></strong></span> <span class='ocrx_word' id='word_1_245' title='bbox 883 4329 990 4419; x_wconf 77' lang='grc' dir='ltr'><em>πόσην</em></span> <span class='ocrx_word' id='word_1_246' title='bbox 1019 4326 1250 4419; x_wconf 77' lang='grc' dir='ltr'><em>κατηργάσατο</em></span> <span class='ocrx_word' id='word_1_247' title='bbox 1280 4324 1356 4414; x_wconf 79' lang='grc' dir='ltr'>ὑμῖν</span> <span class='ocrx_word' id='word_1_248' title='bbox 1383 4324 1548 4418; x_wconf 76' lang='grc' dir='ltr'>σπουδήν,</span> 
     </span>
    </p>
   </div>
   <div class='ocr_carea' id='block_1_4' title="bbox 376 4452 588 4461">
    <p class='ocr_par' dir='ltr' id='par_1_9' title="bbox 376 4452 588 4461">
     <span class='ocr_line' id='line_1_32' title="bbox 376 4452 588 4461; baseline 0.014 -2"><span class='ocrx_word' id='word_1_249' title='bbox 376 4452 588 4461; x_wconf 78' lang='lat'><em>———..</em></span> 
     </span>
    </p>
   </div>
   <div class='ocr_carea' id='block_1_5' title="bbox 376 4502 1550 4666">
    <p class='ocr_par' dir='ltr' id='par_1_10' title="bbox 376 4502 1550 4666">
     <span class='ocr_line' id='line_1_33' title="bbox 484 4502 1550 4577; baseline 0.006 -20"><span class='ocrx_word' id='word_1_250' title='bbox 484 4503 503 4573; x_wconf 81' lang='lat'>¹)</span> <span class='ocrx_word' id='word_1_251' title='bbox 522 4502 635 4569; x_wconf 81' lang='lat' dir='ltr'>Rbnsch,</span> <span class='ocrx_word' id='word_1_252' title='bbox 668 4522 725 4573; x_wconf 90' lang='lat' dir='ltr'>pag.</span> <span class='ocrx_word' id='word_1_253' title='bbox 758 4506 811 4561; x_wconf 80' lang='lat'>428</span> <span class='ocrx_word' id='word_1_254' title='bbox 843 4508 870 4560; x_wconf 87' lang='lat' dir='ltr'>et</span> <span class='ocrx_word' id='word_1_255' title='bbox 896 4508 957 4574; x_wconf 79' lang='lat'>429,</span> <span class='ocrx_word' id='word_1_256' title='bbox 985 4507 1031 4562; x_wconf 89' lang='lat' dir='ltr'>ubi</span> <span class='ocrx_word' id='word_1_257' title='bbox 1060 4510 1118 4562; x_wconf 82' lang='lat' dir='ltr'>Aet.</span> <span class='ocrx_word' id='word_1_258' title='bbox 1147 4523 1187 4577; x_wconf 88' lang='lat' dir='ltr'>ap.</span> <span class='ocrx_word' id='word_1_259' title='bbox 1219 4508 1286 4576; x_wconf 82' lang='lat'>1,24.</span> <span class='ocrx_word' id='word_1_260' title='bbox 1334 4511 1358 4563; x_wconf 90' lang='lat'>1.</span> <span class='ocrx_word' id='word_1_261' title='bbox 1386 4507 1445 4565; x_wconf 81' lang='lat' dir='ltr'>Gor.</span> <span class='ocrx_word' id='word_1_262' title='bbox 1475 4508 1550 4573; x_wconf 83' lang='grc'>1,16.</span> 
     </span>
     <span class='ocr_line' id='line_1_34' title="bbox 376 4590 1499 4666; baseline 0.006 -21"><span class='ocrx_word' id='word_1_263' title='bbox 376 4590 469 4647; x_wconf 76' lang='lat' dir='ltr'>Marah.</span> <span class='ocrx_word' id='word_1_264' title='bbox 491 4594 557 4659; x_wconf 68' lang='lat' dir='ltr'>lau.</span> <span class='ocrx_word' id='word_1_265' title='bbox 594 4593 653 4648; x_wconf 84' lang='lat' dir='ltr'>Joh.</span> <span class='ocrx_word' id='word_1_266' title='bbox 674 4595 760 4661; x_wconf 79' lang='lat'>20,13.</span> <span class='ocrx_word' id='word_1_267' title='bbox 796 4596 823 4650; x_wconf 82' lang='lat'>2.</span> <span class='ocrx_word' id='word_1_268' title='bbox 842 4596 902 4653; x_wconf 79' lang='lat' dir='ltr'>eor.</span> <span class='ocrx_word' id='word_1_269' title='bbox 921 4599 989 4666; x_wconf 82' lang='lat' dir='ltr'>7,ll.</span> <span class='ocrx_word' id='word_1_270' title='bbox 1027 4596 1084 4652; x_wconf 89' lang='lat' dir='ltr'>Gal.</span> <span class='ocrx_word' id='word_1_271' title='bbox 1103 4598 1172 4665; x_wconf 87' lang='lat' dir='ltr'>6,ll.</span> <span class='ocrx_word' id='word_1_272' title='bbox 1212 4600 1234 4653; x_wconf 93' lang='lat' dir='ltr'>l.</span> <span class='ocrx_word' id='word_1_273' title='bbox 1254 4597 1314 4653; x_wconf 85' lang='lat' dir='ltr'>Joh.</span> <span class='ocrx_word' id='word_1_274' title='bbox 1333 4598 1499 4666; x_wconf 78' lang='lat' dir='ltr'>8,2dasunt.</span> 
     </span>
    </p>
   </div>
   <div class='ocr_carea' id='block_1_6' title="bbox 0 0 1774 5175">
    <p class='ocr_par' dir='ltr' id='par_1_11' title="bbox 0 0 1774 5175">
     <span class='ocr_line' id='line_1_35' title="bbox 0 0 1774 5175; baseline 0 0"><span class='ocrx_word' id='word_1_275' title='bbox 0 0 1774 5175; x_wconf 95' lang='lat' dir='ltr'> </span> 
     </span>
    </p>
   </div>
  </div>
 </body>
</html>
