3517 5175
841 317 1062 394 -32„

368 507 445 571 funt
473 507 544 590 loci,
576 506 692 590 quibus
715 505 795 571 Itala
825 507 995 573 verborum
1029 507 1222 574 Graecorum
1253 507 1537 575 conformationem

368 614 419 680 vel
449 615 712 698 compositionem
742 634 866 679 summa
896 614 962 680 fide
992 616 1111 680 imitari
1134 616 1263 699 studuit,
1292 636 1372 700 quos
1396 617 1481 683 locos
1503 621 1537 680 in

367 722 541 788 Roensohii
564 721 644 786 libro
669 721 824 787 desidero.

479 863 595 929 Omnia
610 870 715 930 autem
733 864 989 931 Graecismornm
1003 866 1158 949 exempla,
1171 886 1253 949 quae
1265 869 1385 948 inveni,
1397 868 1537 933 afferam.

367 1029 396 1106 a)
421 1026 683 1090 Adiectivum
709 1025 957 1091 Graecorum
981 1046 1089 1091 inore
1112 1047 1198 1091 curn
1223 1029 1419 1111 genetivo
1442 1048 1538 1093 cou-

851 1134 1048 1216 iungitur.

480 1259 507 1320 l.
538 1256 607 1322 Cor.
639 1258 689 1339 6‚2
713 1250 843 1334 ἀνάξιοι
869 1302 877 1318 .
904 1303 911 1318 .
939 1304 946 1319 .
973 1303 981 1318 .
1007 1255 1184 1345 κριτηρίων
1207 1255 1395 1340 ἐλαχίστων,
1427 1260 1537 1343 fragm.

331 1393 335 1400 ·
367 1364 404 1428 It.
427 1363 551 1447 indigni
577 1363 828 1429 iudiciorum
853 1365 1129 1447 minimorum,
1153 1365 1246 1449 ang.
1270 1366 1394 1449 indigni
1419 1368 1538 1450 quide

367 1472 510 1535 minimis
533 1471 691 1537 iudicetis.

617 1629 649 1718 b)
676 1630 851 1697 Verbum
875 1632 1017 1696 dativo
1040 1632 1293 1716 adiungitur.

479 1758 549 1822 Act
573 1777 620 1841 ep.
646 1757 718 1838 1,10
743 1751 1022 1843 παρειστήκεισαν
1044 1748 1167 1836 αὐτοῖς,
1199 1758 1236 1821 lt
1265 1758 1411 1823 astabant
1432 1760 1537 1842 illis,

368 1863 461 1948 Vufg.
485 1863 676 1928 adstiterunt
697 1864 788 1928 iuxta
810 1864 897 1945 illos3

459 1969 538 2054 Eph.
562 1972 613 2044 2,5
639 1961 725 2056 ἡμᾶς
748 1966 1036 2057 συνεζωοποίησεν
1057 1972 1103 2056 ιη’)
1126 1975 1270 2058 Χριστῷ,
1302 1971 1339 2035 lt
1370 1974 1538 2037 convivifi-

367 2078 453 2143 cavit
475 2097 533 2141 nos
557 2076 734 2160 Christo,
758 2077 851 2160 Vulg.
875 2127 883 2141 .
906 2128 913 2141 .
938 2127 944 2141 .
967 2078 1003 2140 in
1026 2076 1159 2142 Christo,

367 2238 399 2322 c)
436 2238 714 2304 Accusativus
752 2239 932 2302 nominis
969 2239 1010 2302 iu
1048 2239 1365 2323 praedicatione
1411 2242 1538 2324 positi

842 2346 1060 2411 retinetur.

455 2469 544 2535 Rom.
568 2471 641 2552 839
665 2458 723 2548 οίίς
747 2518 755 2534 .
781 2515 789 2531 .
815 2516 823 2532 .
849 2518 856 2534 .
882 2465 1071 2557 προώρισεν
1090 2465 1307 2557 συμμόρφους
1325 2476 1381 2559 τῆς
1401 2466 1535 2550 εἰκόνος,

367 2576 404 2643 It
443 2598 523 2661 quos
546 2627 553 2642 .
578 2627 615 2642 ..
645 2628 651 2642 .
688 2577 938 2663 praedestinavit
977 2578 1209 2643 conformes
1247 2579 1404 2663 imaginis
1442 2578 1536 2662 ang.

366 2706 446 2769 quos
470 2736 477 2750 .
501 2736 508 2750 .
532 2736 538 2749 .
561 2686 811 2770 praedestinavit
833 2686 1014 2751 conformes
1036 2685 1108 2751 fieri
1130 2687 1289 2769 imaginis,

470 2847 501 2921 d)
524 2846 735 2911 Attraotio
758 2847 1018 2930 pronominis
1041 2846 1215 2911 relativi
1238 2852 1434 2913 servatur.

476 2970 567 3036 Rom.
600 2973 694 3051 14:22
725 2965 759 3034 ἐν
791 2956 818 3058 ᾦ
851 2968 1031 3052 δοκιμάζει,
1064 2970 1101 3034 It
1131 2978 1163 3036 et
1192 2972 1303 3055 fragm.
1326 2972 1365 3037 It
1396 2974 1537 3055 inquo

366 3078 478 3163 probat
501 3076 548 3164 (in
571 3077 651 3143 Itala
673 3077 801 3162 Specuii
825 3077 920 3143 lectio
948 3078 1006 3140 »in
1032 3097 1076 3142 eo
1100 3096 1177 3160 quo
1196 3077 1327 3162 probat«
1350 3082 1538 3145 anctoritate

367 3185 513 3250 codicum
543 3185 837 3268 antiquissimorum
869 3191 901 3250 et
931 3185 1121 3269 optimorum
1146 3185 1179 3249 M
1202 3185 1280 3251 otc
1310 3187 1538 3267 confirmatur),

368 3292 461 3375 ang.
483 3293 518 3356 fn
541 3312 579 3357 eo
603 3291 690 3375 quod
712 3291 837 3376 probat;

480 3402 508 3463 1.
531 3398 600 3463 Cor.
626 3400 720 3481 10,30
743 3393 829 3483 ὑπὲρ
852 3384 893 3464 οὗ
917 3395 981 3484 ἐγὼ
1004 3390 1197 3485 είχαριστῶ,
1224 3400 1260 3464 It
1283 3420 1352 3484 pro
1376 3420 1452 3483 quo
1477 3422 1537 3485 ego

366 3507 484 3589 gratias
506 3526 575 3590 ago,
598 3505 693 3589 Vulg.
716 3525 773 3589 pro
797 3525 835 3571 eo
859 3506 946 3589 qnod
968 3513 1045 3585 eto.;

478 3614 507 3677 2.
539 3613 609 3678 Cor.
644 3615 693 3693 1,4
723 3608 780 3677 διὰ
808 3616 866 3699 τῆς
896 3609 1138 3698 παρακλήσεως
1166 3600 1204 3700 ἧς
1234 3613 1534 3697 παρακαλοῖμεθα,

366 3722 477 3805 fragm.
500 3720 538 3785 It
559 3740 619 3805 per
640 3721 890 3786 consolationem
914 3739 1030 3803 qnam
1051 3724 1234 3785 exortamur
1243 3723 1274 3801 1),
1294 3720 1386 3804 vulg.
1405 3739 1463 3803 per
1480 3740 1536 3784 ex-

368 3828 588 3909 hortationem,
610 3847 675 3911 que
697 3832 756 3893 eto

506 3992 535 4054 ei
559 3988 664 4052 Itala
687 3987 927 4054 adverbinm
951 3988 1132 4053 articulo
1155 3989 1395 4053 adiunctum

853 4097 1050 4159 imitatur.

477 4220 592 4305 Ephes
622 4222 694 4291 217
728 4213 960 4307 είηγγελίσατο
984 4214 1115 4307 εἰρήνην
1138 4212 1214 4302 ὑμῖν
1235 4226 1306 4297 τοῖς
1326 4217 1468 4305 μακράν,
1497 4220 1535 4284 It

366 4328 597 4411 evangelizarit
610 4348 721 4412 paoem
738 4328 871 4399 robis,
888 4330 956 4410 qui
976 4328 1112 4411 longe,
1130 4328 1223 4411 fulg.
1238 4330 1295 4411 qni
1310 4328 1406 4411 longe
1421 4329 1535 4391 fuistis

475 4559 495 4623 ¹)
512 4558 546 4613 dc
564 4558 646 4612 verbo
666 4558 838 4613 »exhortare«
858 4559 893 4612 cf.
912 4558 1042 4617 Roensdn.
1062 4575 1120 4627 pag.
1139 4558 1201 4613 set.
