3517 5175
723 364 940 426 ...83-

363 540 452 605 Rern.
478 542 528 622 6,6
552 534 774 625 γινώσκοντες,
800 536 853 604 ὅτι
877 592 885 606 .
912 589 919 603 .
947 591 954 605 .
980 539 1253 629 συνεσταυρώθη.
1278 543 1308 606 Ι1
1331 544 1425 627 quia

252 700 258 712 .
283 701 289 711 .
314 700 320 713 .
344 700 350 712 .
375 648 471 712 simul
495 648 645 713 confixus
669 652 717 711 est
740 650 838 731 cruci,
863 649 956 732 Vulg.
988 650 1086 731 quie
1110 700 1116 713 .
1141 701 1147 713 .
1172 701 1179 713 .
1203 650 1298 714 simut
1322 651 1425 716 cruci-

251 758 338 820 fixus
362 760 426 834 est;

361 866 380 927 2
406 862 475 927 Cer.
502 863 573 945 12,4
598 851 675 926 aida
699 907 707 922 .
733 910 739 918 .
764 908 771 923 .
799 856 850 927 ὅτι
875 854 1019 948 ἡρπάγη,
1046 863 1082 926 11.
1106 865 1173 928 scie
1197 916 1204 928 .
1230 917 1235 929 .
1261 914 1298 930 ..
1330 866 1426 948 quia

250 977 359 1055 raptus
382 975 438 1052 est
461 970 555 1053 Vulg.
580 970 771 1052 queniam
796 974 906 1054 raptus
929 974 992 1050 est3

361 1077 429 1143 Gal.
453 1079 525 1159 5,21
552 1074 739 1162 προλέγω.
767 1123 774 1138 .
801 1123 809 1138 .
835 1072 887 1140 ὅτι
912 1125 919 1141 .
947 1126 954 1140 .
981 1126 989 1142 .
1016 1127 1023 1143 .
1046 1070 1086 1142 οὗ
1107 1072 1423 1166 κληρονομήσουσιν,

250 1187 286 1250 11
310 1186 500 1270 queniam
525 1235 532 1249 .
557 1234 564 1248 .
588 1235 595 1247 .
620 1234 626 1248 .
650 1204 716 1247 nen
740 1185 956 1268 possidebunt
988 1185 1081 1270 Vulg.
1105 1186 1300 1270 queniam
1324 1235 1331 1249 .
1356 1235 1362 1247 .
1387 1234 1424 1249 ..

250 1313 314 1357 nen
339 1298 582 1376 consequentur.

361 1417 501 1483 Eaedem
515 1417 761 1482 coniunctiones
773 1418 1010 1482 substantivum
1026 1421 1207 1502 sequuntur
1222 1417 1311 1482 Rern.
1329 1418 1424 1500 1135

250 1517 288 1593 οὗ
312 1522 374 1612 γὰρ
397 1522 490 1589 θέλω
513 1517 599 1606 ὑμᾶς
623 1516 752 1609 ἀγνοεῖν
773 1520 811 1588 τὸ
833 1519 1016 1612 μυστήριον
1044 1528 1142 1590 τοῦτο
1167 1575 1175 1589 .
1202 1575 1208 1588 .
1235 1571 1242 1587 .
1269 1520 1321 1589 ὅτι
1345 1572 1353 1588 .
1380 1570 1388 1586 .
1415 1574 1421 1587 .

249 1630 390 1718 γέγονεν,
424 1632 460 1696 11.
484 1631 557 1697 nole
582 1632 668 1696 enim
699 1652 755 1696 ves
784 1634 932 1716 ignorare
962 1637 1198 1698 sacramentum
1228 1632 1290 1696 hoc
1290 1681 1424 1719 .....

249 1741 345 1824 quie
370 1789 376 1803 .
401 1791 408 1804 .
433 1790 439 1803 .
468 1740 552 1804 fecta
582 1746 638 1821 est
673 1739 766 1824 Vuig.
802 1741 898 1824 quie
932 1791 939 1804 .
970 1790 977 1804 .
1008 1792 1015 1804 ‚
1050 1741 1191 1822 contigit
1229 1739 1423 1804 adiectirurn

249 1845 349 1934 δῆλον
386 1852 565 1932 sequuntur
599 1847 667 1910 eal,
702 1849 773 1929 3,11
811 1845 921 1933 δῆλον,
960 1842 1011 1910 ὅτι
1049 1896 1056 1911 .
1090 1894 1099 1910 .
1132 1896 1139 1912 .
1173 1894 1181 1910 .
1222 1845 1423 1917 δικαιοῦται,

249 1974 333 2018 nove
356 1955 467 2037 fragm.
489 1955 527 2018 lt
552 1955 757 2019 menifestum
782 1960 838 2036 est,
861 1956 959 2039 quie
981 1955 1184 2037 iustificetur,
1209 1953 1302 2037 Vulg.
1326 1970 1424 2036 quo-

247 2063 355 2126 niam
378 2063 581 2143 iustificetur,
605 2068 637 2126 et
662 2065 688 2126 l.
707 2063 785 2127 Tim·
811 2064 859 2144 6,7
887 2060 995 2149 δῆλον,
1022 2057 1075 2127 ὅτι
1099 2109 1107 2124 .
1134 2111 1142 2127 .
1169 2109 1176 2125 .
1204 2109 1211 2124 .
1238 2053 1422 2141 δυνάμεθα,

246 2170 284 2234 it.
308 2170 387 2234 haut
410 2169 552 2250 dubium,
576 2171 671 2254 quia
694 2219 700 2233 .
725 2219 731 2233 .
756 2219 762 2232 .
786 2189 966 2253 possumne,
990 2169 1084 2254 Vulg.
1110 2167 1215 2253 qnod
1245 2183 1424 2252 pessumus,

358 2293 510 2358 Plurimis
533 2294 690 2378 exemplis
712 2295 880 2359 indicativi
903 2294 953 2358 his
974 2293 1259 2360 coniunctionibus
1279 2290 1424 2354 adiuncti

247 2403 339 2467 lectis
374 2401 455 2468 dues
490 2404 615 2485 repperi
651 2402 746 2485 toene,
781 2401 901 2485 quibus
931 2401 1011 2466 itala
1039 2402 1251 2466 indicativum
1281 2396 1422 2478 retinuit,

247 2510 466 2592 Hieronymus
489 2510 732 2574 coniunctivum
755 2511 924 2595 praetulit:

355 2619 445 2683 Rom.
481 2618 531 2701 9‚6
567 2608 626 2696 οὐχ
659 2606 731 2682 οἷον
762 2616 799 2685 δὲ
827 2613 879 2682 ὅτι
910 2615 1131 2689 ἐκπέπτωκεν,
1164 2615 1202 2680 rt
1232 2634 1297 2679 non
1319 2616 1423 2699 potest

247 2730 354 2790 autem
380 2725 538 2806 excidere,
563 2724 658 2809 Vulg.
681 2745 746 2790 non
769 2732 876 2791 nutem
901 2725 986 2810 quod
1009 2724 1182 2804 exciderit3

359 2835 387 2895 1.
421 2833 490 2897 Gor.
524 2832 617 2914 10‚19
648 2829 682 2897 τί
712 2822 770 2896 οὖν
793 2829 901 2919 φημί,·
934 2829 986 2896 ὅτι
1010 2826 1235 2898 εἰδωλόθυτόν
1257 2852 1290 2893 τι
1313 2823 1421 2907 dcclv,-

248 2929 269 3024 ἢ
291 2932 343 3002 ὅτι
366 2933 504 3004 εἴδωλόν
525 2961 558 3002 τι
581 2933 686 3014 ἐστίνς
711 2940 747 3003 It.
772 2942 847 3024 quie
869 2941 965 3006 idolis
989 2939 1189 3004 immolatum
1209 2940 1272 3003 est
1289 2935 1420 3020 aliquid,

247 3050 302 3110 aut
323 3044 447 3110 idolum
470 3051 531 3111 est
554 3046 699 3131 aliquid?
745 3047 839 3132 Vulg.
864 3048 922 3112 sit
944 3048 1079 3131 aliquit?

359 3151 479 3230 Quater
510 3153 649 3237 denique
683 3161 816 3239 utraque
850 3156 1068 3239 interpretatio
1104 3154 1420 3219 coniunctivum

249 3261 428 3344 usurparit:

357 3367 467 3431 Matth.
503 3368 551 3450 6,7
589 3367 743 3433 δοκοῦσιν
773 3418 781 3434 .
814 3416 822 3433 .
855 3420 860 3430 .
887 3418 895 3431 .
932 3364 985 3432 ὅτι
1020 3361 1346 3453 εἰςακυυσθήσοντοιι,
1382 3366 1419 3430 [t.

247 3474 337 3560 Spec.
360 3478 475 3559 putant
498 3524 505 3538 .
529 3525 536 3536 .
560 3526 566 3540 .
591 3525 613 3557 .,
638 3478 713 3560 quia
736 3476 843 3561 (Vulg.
868 3476 964 3560 quod)
989 3475 1219 3554 exaudientur3

358 3582 454 3647 Marc.
480 3584 575 3665 1238
606 3576 701 3660 εἰδώς
724 3578 775 3647 ὅτι
801 3632 808 3646 .
835 3630 843 3646 .
870 3631 877 3646 .
904 3575 1086 3668 ἀπεκρίθη,
1118 3580 1155 3646 It
1185 3580 1276 3665 Spec.
1306 3580 1419 3646 videns

247 3691 323 3773 quie
345 3689 454 3773 (Vuig.
477 3690 641 3773 queniam)
665 3740 672 3753 .
696 3741 702 3755 .
727 3742 733 3756 .
759 3690 974 3776 responderit3

358 3796 455 3862 Marc.
486 3798 582 3879 12,34
613 3791 693 3861 ἰδὼν
716 3843 724 3860 .
751 3843 759 3860 .
785 3848 793 3863 .
819 3791 871 3862 ὅτι
895 3847 903 3864 .
928 3842 936 3856 .
962 3842 970 3856 .
1004 3786 1187 3881 ἀπεκρίθη,
1211 3796 1249 3860 11
1273 3794 1363 3880 Spec.
1387 3799 1420 3861 et

247 3903 343 3988 Vulg.
367 3904 491 3985 videns,
515 3902 600 3987 qued
624 3953 631 3967 .
655 3954 662 3968 .
687 3956 693 3969 .
716 3905 947 3990 respondisset3

357 4014 428 4077 Act
453 4031 501 4095 ep.
524 4012 597 4093 213
644 4005 859 4099 κατήχθησαν
883 4061 889 4075 .
914 4062 920 4075 .
945 4061 968 4093 .,
997 4005 1047 4075 ὅτι
1072 4061 1079 4074 .
1103 4061 1109 4075 .
1135 4061 1141 4074 .
1171 4005 1348 4086 διδάσκεις,
1380 4010 1417 4075 lt

248 4118 339 4203 Spec.
363 4122 395 4183 et
417 4117 510 4202 Vulg.
535 4118 706 4182 audierunt
729 4168 877 4202 ......
901 4120 977 4204 quia
1000 4169 1006 4183 .
1031 4168 1038 4182 .
1062 4168 1068 4182 .
1092 4169 1099 4183 .
1124 4118 1246 4184 docere.

359 4242 422 4307 Sed
451 4244 583 4308 fortasse
614 4243 664 4307 his
694 4262 820 4327 quoque
850 4244 930 4308 locis
962 4244 1125 4309 contextui
1160 4242 1289 4327 Speculi
1321 4243 1417 4309 verbe

248 4350 405 4435 Vulgntne
428 4351 547 4415 inserta
570 4354 651 4414 sunt.

359 4475 431 4539 Joh.
464 4476 536 4555 835
569 4495 626 4559 pre
659 4475 764 4541 verbis
795 4472 853 4563 τὴν
885 4468 988 4565 ἀρχὴν
1020 4469 1039 4542 ὅ
1070 4499 1103 4540 τι
1132 4473 1188 4541 καὶ
1217 4471 1308 4538 λαλῶ
1330 4467 1415 4556 ὑμῖν,

247 4602 330 4666 quae
352 4582 560 4647 Tischendcrt
587 4582 741 4666 probavit
770 4603 844 4648 cum
868 4584 1047 4668 Stephanus
1070 4574 1314 4667 inscripserit,
1337 4581 1418 4647 Itala

1256 4687 1292 4745 6*
