3517 5175
853 351 1074 413 -.58-

488 529 546 592 Tot
569 528 725 612 exemplis
749 529 927 594 tenacitatis
946 528 1044 593 Italae
1064 528 1166 591 allatis
1186 528 1365 593 mirandum
1384 533 1440 611 est,
1463 528 1551 611 quod

381 635 558 702 reverenda
587 636 643 699 illa
671 638 775 701 versio
798 635 859 700 sibi
882 655 947 700 non
971 637 1120 718 constitit,
1148 636 1205 701 sed
1227 636 1384 700 nonnulla
1406 635 1553 701 substan-

377 744 443 806 tiva
466 747 498 808 et
521 744 678 809 adiectiva
700 745 921 825 inveniuntur,
951 763 1086 826 quorum
1116 743 1251 808 formam
1282 745 1464 825 negativum
1494 743 1551 808 illa

378 850 508 932 quidem
532 851 683 934 neglexit
714 851 933 934 Hieronymus
957 856 1062 916 autern
1087 850 1171 916 bene
1193 851 1333 915 retinuit.
1379 850 1480 915 Cuius
1502 851 1550 916 rei

377 957 458 1023 haec
480 959 590 1022 notavi
613 958 774 1042 exempla:

479 1073 598 1147 ’Άνοια
633 1086 662 1147 2.
695 1083 773 1148 Tim.
810 1085 859 1166 3,9
893 1083 931 1148 It
965 1088 996 1149 et
1026 1084 1137 1167 fragm.
1170 1082 1208 1148 It
1250 1084 1418 1165 dementia,
1455 1082 1550 1165 Vulg.

377 1190 571 1275 insipientia,

487 1289 604 1379 ἀτιμία
630 1302 657 1364 1.
682 1299 751 1363 Cor.
778 1300 871 1382 15,43
902 1299 939 1362 It
972 1302 1003 1364 et
1032 1299 1143 1382 fragm.
1167 1299 1205 1362 It.
1228 1298 1430 1379 contumelia,
1455 1296 1549 1382 Vulg.

379 1404 572 1488 ignobilitas

487 1505 661 1600 ἀφροσύνη
692 1515 721 1577 2.
754 1513 824 1579 Cor.
856 1516 949 1596 11‚17
980 1514 1016 1577 It
1040 1517 1072 1579 et
1093 1515 1204 1598 fragm.
1227 1514 1266 1577 It.
1289 1513 1431 1595 stultitia,
1455 1512 1549 1595 Vulg.

374 1619 568 1704 insipientia,

486 1718 605 1809 ἀτιμος
625 1731 653 1792 1.
673 1728 742 1793 Cor.
764 1730 857 1810 1223
879 1729 917 1793 It.
938 1735 970 1795 et
988 1730 1099 1812 fragm.
1118 1727 1156 1793 It
1174 1728 1257 1812 vilis,
1278 1727 1371 1810 ang.
1390 1724 1550 1808 ignobilis,

489 1825 607 1920 ἀφραο
644 1838 671 1900 1.
708 1835 777 1900 Cor.
814 1839 908 1919 15,36
942 1837 980 1900 It
1019 1841 1051 1900 et
1082 1836 1193 1919 fragm.
1226 1834 1263 1899 It.
1298 1836 1422 1914 stultus,
1454 1833 1549 1917 Vulg.

374 1942 538 2027 iusipiens,
1048 1922 1066 1940 ’

485 2041 626 2136 ἀνόητος
662 2051 730 2116 Gal.
765 2054 814 2134 3,l
858 2051 895 2116 It
933 2057 965 2116 et
996 2052 1108 2134 fragm.
1141 2049 1178 2114 It.
1213 2048 1337 2130 stultae,
1373 2048 1466 2132 Vulg.
1499 2049 1550 2111 in-

374 2162 532 2222 sensatae.

485 2281 548 2347 Sed
570 2302 627 2367 pro
651 2275 791 2370 ἀοάητος
814 2284 882 2348 Gal.
907 2286 957 2366 3,3
980 2287 1115 2366 utraque
1143 2283 1363 2366 interpretatio
1391 2281 1545 2345 ›stultus‹

372 2389 520 2472 reddidit
543 2390 626 2455 sicut
648 2394 680 2456 et
704 2392 732 2455 1.
754 2391 833 2455 Tim.
857 2393 908 2473 6,9
932 2391 1012 2455 Itala
1021 2391 1043 2465 1)
1071 2396 1104 2456 et
1124 2391 1237 2474 fragm.
1267 2388 1304 2453 It.
1335 2408 1392 2472 pro
1424 2382 1549 2452 inado-

371 2491 452 2578 μίας
486 2494 616 2575 colleg
649 2489 807 2585 ἀνοήτους
842 2499 1020 2563 »desideria
1052 2498 1166 2561 stulta«
1204 2495 1367 2566 exhibent
1403 2514 1476 2560 cum
1512 2493 1549 2557 in

376 2603 514 2687 Vulgata
539 2605 717 2670 »desideria
740 2605 839 2670 multa
861 2607 1008 2671 inutilia«
1035 2607 1187 2690 legamus,
1211 2625 1274 2688 qua
1298 2624 1340 2668 ex
1363 2603 1549 2667 diverntate

374 2712 567 2777 coniecerim
598 2719 721 2777 textum
753 2714 913 2780 Graecum
935 2714 1127 2796 Hieronymi
1152 2704 1331 2798 ἀνονήτους
1354 2710 1550 2791 exhibuisse,

374 2819 461 2901 quod
493 2820 688 2884 adiectivum
722 2825 754 2885 et
786 2822 1045 2904 chrysostomum
1077 2825 1109 2886 et
1137 2820 1217 2885 ahos
1246 2820 1417 2904 scriptores
1445 2816 1549 2883 eccle-

375 2926 519 2991 siasticos
542 2927 658 3010 legisse
680 2929 809 2993 scimus.

484 3052 605 3117 Vocem
628 3054 797 3136 positivam
817 3058 849 3120 et
867 3055 947 3118 Itala
965 3059 997 3118 et
1015 3053 1153 3135 Vulgata
1171 3053 1260 3119 hisce
1278 3052 1359 3117 locis
1374 3053 1549 3135 usurpant:

484 3177 595 3240 Matth.
620 3179 714 3259 23,27
740 3170 938 3264 ἀκαθαρσία
961 3178 1187 3263 :spurcitia

399 3365 404 3373 ο
488 3283 584 3350 Marc.
610 3287 681 3367 7,22
707 3277 880 3372 ἀφροσύνη
904 3315 947 3339 =
971 3285 1113 3366 stultitia,

485 3391 575 3456 Rom.
601 3394 651 3474 9‚2
675 3382 893 3468 ἀδιάλειπτος
916 3422 958 3446 =
982 3394 1164 3475 continuus

484 3497 541 3562 Tit.
567 3501 639 3581 1,16
663 3490 820 3581 ἀδόκιμοι
844 3528 886 3552 --
909 3500 1046 3584 reprobi,

486 3607 516 3669 2.
538 3606 617 3670 Tim.
641 3607 691 3690 3‚2
716 3598 846 3670 ἀνόσιοι
871 3607 1072 3673 :scelesti

899 3851 1017 3968 IV.

631 4084 694 4157 De
718 4084 969 4158 uocabulis
995 4085 1288 4173 peregrinis.

484 4215 635 4297 Antiqnis
665 4215 729 4277 iarn
759 4214 955 4297 temporibus
986 4214 1142 4279 vocabule
1172 4215 1339 4297 peregrina
1370 4234 1389 4277 a
1416 4213 1555 4280 Graecis

375 4323 513 4387 maxime
529 4323 629 4407 petita
643 4321 773 4404 linguae
789 4319 922 4386 Latinae
937 4340 1003 4385 non
1025 4321 1204 4404 defuerunt,
1228 4341 1302 4386 oum
1326 4326 1358 4387 et
1380 4321 1494 4404 lingna
1517 4328 1554 4387 et

481 4500 500 4567 ¹)
519 4499 560 4553 De
579 4499 628 4553 civ.
648 4498 699 4552 Dei
719 4498 794 4567 1,10;
812 4498 889 4566 Spec.
908 4497 943 4553 38
961 4497 1120 4552 adiectivum
1145 4497 1279 4552 ›inutilia‹
1308 4496 1414 4568 legitur,
1439 4497 1509 4566 quod
1535 4516 1555 4554 a

371 4587 487 4644 librariis
506 4605 521 4642 e
539 4588 654 4657 Vulgata
671 4587 856 4658 depromptum
874 4585 981 4642 videtur
999 4602 1067 4642 esee.
