3517 5175
694 399 916 462 ..35-

330 577 391 641 His
427 596 553 660 qnoque
591 577 670 642 locis
706 577 787 642 Itala
820 577 948 662 Speculi
987 578 1156 644 verborum
1195 579 1389 646 Graecorum

221 686 481 768 compositionem
507 691 654 750 accurate
677 687 830 768 consequi
854 686 974 751 studet:

327 794 443 879 Ephes.
477 795 527 875 5‚3
560 791 684 878 πρέπει
716 788 834 877 ἁγίοις,
868 793 906 857 It
939 793 1057 859 decet
1086 800 1267 877 sanctos,
1296 795 1389 878 Vulg.

221 900 313 967 decet
335 903 369 965 in
393 907 532 980 sanct0s3

333 1010 362 1072 2.
390 1008 495 1073 Thess.
527 1009 575 1089 1,5
605 1004 649 1081 εἰς
678 1004 717 1071 τὸ
749 1004 999 1094 καταξιωθῆναι
1030 1003 1115 1092 ὑμᾶς
1138 1011 1195 1097 τῆς
1218 1004 1391 1092 βασιλείας

219 1117 278 1179 τοῦ
301 1117 396 1188 θεοῦ,
428 1116 465 1179 It.
497 1121 531 1179 ut
561 1114 649 1196 digni
680 1113 863 1192 habeamini
895 1133 1020 1198 regno
1051 1115 1131 1197 dei,
1162 1116 1256 1200 Vulg.
1286 1165 1325 1179 ..
1354 1115 1390 1178 in

219 1242 318 1303 regno
342 1221 418 1302 Dei3

330 1329 406 1395 Luc
443 1331 536 1409 1223
573 1322 593 1417 ἦ
628 1325 719 1417 ψυχὴ
754 1322 870 1394 πλεῖόν
903 1326 990 1395 ἐστιν
1021 1335 1079 1418 τῆς
1110 1333 1237 1417 τροφῆς
1266 1329 1322 1395 καὶ
1350 1325 1389 1393 τὸ

219 1439 314 1520 σῶμα
336 1439 397 1502 τοῦ
420 1431 610 1520 ἐνδύματος,
635 1435 672 1499 It
695 1436 804 1500 anima
826 1436 900 1521 plns
926 1441 975 1501 est
997 1456 1092 1519 quam
1116 1457 1197 1520 esca,
1221 1441 1251 1502 et
1275 1456 1390 1520 corpus

219 1564 334 1626 quam
370 1544 680 1624 vestimentum,
716 1542 809 1626 Vulg.
840 1594 846 1607 .
878 1594 885 1607 .
916 1594 923 1607 .
958 1549 989 1608 et
1023 1564 1137 1628 corpus
1178 1544 1250 1628 plus
1292 1563 1388 1626 quam

219 1652 463 1730 vestImentum3

328 1758 405 1823 Luc.
446 1759 539 1839 1622
578 1753 705 1843 ἐγένετο
744 1755 781 1822 δὲ
823 1749 1013 1825 ἀποθανεῖν
1057 1757 1114 1823 τὸν
1158 1754 1289 1837 πτωχὸν
1334 1756 1389 1824 καὶ

218 1857 455 1950 ἀπενεχθῆναι,
481 1863 550 1946 It¹)
581 1866 713 1948 contigit
743 1870 849 1929 autem
882 1867 982 1930 niori
1014 1867 1179 1950 inopem
1211 1865 1327 1929 illurn
1352 1868 1391 1929 et

218 1969 392 2052 auferri,
415 1971 509 2055 Vulg.
534 1972 654 2036 iactum
678 1978 726 2038 est
748 1978 863 2054 nutem,
893 1977 929 2035 ut
958 1979 1132 2038 moreretur
1161 1972 1329 2038 mendicus
1359 1981 1391 2036 et

217 2081 413 2160 pomaretum

330 2186 359 2249 2.
392 2185 475 2251 Petr.
510 2188 580 2268 3,ss
614 2180 740 2250 τούτων
773 2178 831 2252 οὖν
863 2180 996 2252 πάντων
1025 2185 1201 2270 λυομένων,
1233 2186 1303 2256 Ito
1327 2187 1390 2250 his

219 2311 313 2374 ergo
337 2293 524 2357 omnibns
546 2292 835 2377 pereuntibuS‚
859 2294 954 2376 Vulg.
978 2312 1075 2376 quum
1101 2295 1198 2376 igitur
1220 2294 1300 2358 haec
1323 2313 1390 2358 om·

221 2399 277 2461 nia
300 2399 503 2465 dissolvenda
526 2403 598 2464 sint

329 2810 370 2891 Inj
391 2816 483 2876 textu
507 2812 628 2878 Graeco
653 2812 805 2877 vertendo
829 2813 910 2877 Itala
933 2832 1034 2895 aeque
1057 2832 1095 2877 ac
1118 2812 1255 2895 Vulgata
1286 2811 1389 2894 quoad

218 2917 291 2981 fieri
314 2920 418 3003 potuit
440 2919 584 2984 ordinem
606 2920 775 2984 verborum
799 2920 882 2985 bene
906 2925 1122 3001 servaverunt,
1146 2924 1181 2981 ut
1203 2919 1390 3002 plerumque

219 3025 302 3090 inter
333 3046 367 3091 se
402 3031 588 3110 congruant
634 3027 786 3092 Attamen
819 3027 905 3091 haud
935 3027 1046 3110 paucis
1075 3026 1154 3090 locis
1183 3027 1229 3089 ita
1250 3028 1334 3090 inter
1356 3045 1390 3090 se

220 3131 381 3216 diffamat,
411 3139 448 3197 nt
471 3140 525 3198 aut
548 3135 702 3199 vetustior
729 3138 784 3198 aut
806 3135 966 3199 recentior
989 3134 1091 3198 versio
1114 3135 1234 3198 maiore
1257 3134 1299 3195 sit
1321 3132 1391 3195 dili·

219 3242 336 3321 gentia.
382 3241 483 3318 Quam
516 3262 581 3307 rem
615 3247 818 3326 perscmtans
851 3242 950 3305 miror
981 3240 1064 3323 quod
1094 3241 1129 3303 in
1160 3239 1240 3303 Itala
1263 3239 1390 3323 Speculi

218 3347 356 3430 plurima
384 3348 561 3413 invenerim
594 3350 723 3413 maioris
751 3348 935 3431 diligentiae
959 3348 1114 3432 exempla,
1147 3367 1221 3412 cum
1244 3348 1278 3410 in
1300 3347 1391 3427 libro,

220 3454 275 3536 qui
298 3459 346 3519 est
368 3455 408 3520 de
432 3457 560 3520 civitate
583 3455 643 3521 Dei
674 3457 707 3518 in
739 3456 848 3537 eisque
878 3454 978 3536 libris
1009 3474 1088 3537 quos
1109 3454 1259 3519 volumen
1283 3452 1390 3517 XXV.

221 3566 253 3625 et
285 3561 441 3626 XXVIII.
474 3563 622 3646 Corporis
655 3563 767 3647 Script
800 3562 887 3628 Eccl.
917 3561 1020 3626 Latia.
1052 3561 1313 3646 complectuntur,
1337 3564 1392 3624 ant

219 3671 352 3751 utraque
384 3671 487 3735 versio
520 3671 722 3734 consentiant
752 3676 807 3733 aut
834 3669 973 3752 Vulgata
1002 3668 1160 3733 intendem
1192 3670 1293 3748 magis
1325 3666 1392 3731 lau·

220 3773 326 3839 danda
359 3776 408 3839 sit
464 3776 553 3854 Quae
588 3776 756 3841 diversItas
792 3777 937 3841 vertendi
970 3776 1117 3860 plurimis
1151 3775 1230 3840 locis
1264 3774 1391 3839 levioris

219 3884 371 3948 momenti
404 3887 452 3948 est
483 3890 515 3949 et
547 3883 586 3948 ad
619 3884 681 3947 dno
712 3884 763 3948 vel
787 3884 847 3948 tria
870 3882 1025 3949 vocabula
1049 3884 1196 3967 pertinet
1226 3881 1392 3946 nonnullis

220 3994 326 4055 autem
360 3990 439 4055 locis
473 3991 602 4055 maioris
636 3992 791 4055 momenti
825 3992 967 4074 putanda
997 3994 1045 4056 est
1072 3996 1169 4055 totam
1200 3990 1389 4055 sententiam

219 4098 442 4181 complectens.
487 4097 620 4163 Interim
655 4103 826 4180 antequam
859 4097 979 4180 aliquid
1014 4098 1053 4164 de
1084 4098 1189 4161 causis
1219 4096 1314 4159 huius
1343 4096 1391 4158 di·

219 4204 379 4268 versitatis
398 4206 602 4287 coniciamus,
622 4204 769 4288 exempla
784 4206 913 4269 maioris
933 4205 1117 4288 dlligentiae
1132 4203 1230 4268 Italae
1249 4204 1391 4267 maxime

221 4311 443 4375 memorabilia
466 4331 701 4396 componamus.

328 4531 348 4603 ¹)
366 4532 399 4586 de
418 4533 483 4586 Gen.
502 4532 535 4587 ad
554 4530 604 4586 litt.
625 4531 710 4601 12,33.

327 4620 348 4689 ²)
366 4621 398 4675 de
417 4622 466 4675 civ.
485 4621 536 4676 Dei
554 4622 643 4687 20,18.
