3517 5175
721 400 942 462 ..43-

362 576 606 643 Coniunctionis
639 578 763 643 »enim
794 577 857 641 duo
888 576 1009 660 eodege
1034 577 1196 660 exempla:
1221 575 1319 642 Hebr.
1344 577 1416 658 12,4

248 675 343 748 οἷόπω
368 734 376 749 .
402 735 411 749 .
437 734 445 749 .
471 676 732 769 ἀντικατέστητε,
769 685 805 748 lt.
838 684 982 748 nondum
1083 735 1089 747 .
1123 685 1290 765 restitistis,
1322 683 1416 767 Vulg.

247 791 388 855 nendum
412 793 518 856 enim
543 795 600 856 ete.
625 795 657 855 et
679 794 708 854 2.
731 791 803 855 Jeh.
829 794 857 855 6.

358 916 557 981 Adverbium
590 916 804 999 »insuper«
832 915 964 981 exhibet
987 919 1015 980 2.
1040 915 1109 980 Cor.
1129 917 1178 997 8,7
1204 914 1337 1002 σπουδῇ
1360 912 1417 979 καὶ

247 1073 255 1088 .
282 1070 290 1085 .
316 1073 324 1088 .
350 1015 474 1109 ἀγάπη,
500 1023 536 1087 It.
560 1023 774 1088 sollieitudine
798 1029 881 1088 et..
902 1022 1416 1106 ,caritate‚Vuig.sellieitudine

246 1132 420 1215 insuper
443 1135 501 1195 ete.

358 1255 553 1319 Pronomina
579 1256 701 1339 »ipsi«
729 1259 761 1320 et
786 1275 961 1320 »omnes«
988 1259 1163 1320 occurrunt
1182 1257 1210 1318 2.
1230 1254 1300 1318 Cor.
1321 1256 1415 1336 11‚19

247 1359 406 1446 φρόνιμοι
429 1351 531 1439 όντες,
556 1363 667 1445 fragm.
690 1363 727 1427 It.
752 1382 824 1427 eum
850 1363 919 1426 sitis
942 1364 1110 1446 sapientes,
1133 1362 1227 1445 Vulg.
1251 1381 1323 1427 eum
1348 1362 1417 1425 sitis

246 1470 327 1552 ipsi
351 1470 519 1553 sapientes.
566 1470 680 1554 Ephes.
707 1472 752 1552 l‚l
778 1475 850 1549 τοῖς
873 1463 992 1555 ἁγίοις,
1022 1490 1108 1535 nova
1128 1470 1239 1553 fragm.
1264 1470 1300 1534 It
1324 1489 1416 1535 sanc-

246 1577 295 1660 tis,
318 1577 412 1661 Vulg.
437 1578 630 1641 omnibus
653 1579 780 1642 sanetis.

358 1701 552 1767 Vmietatem
581 1702 727 1767 codicum
757 1703 851 1768 etiem
880 1723 967 1768 nune
990 1703 1080 1767 Rom.
1105 1704 1199 1784 1132
1223 1702 1417 1784 invenimus

246 1829 319 1873 eum
356 1810 455 1874 altere
487 1810 581 1875 lectio
616 1811 657 1873 sit
690 1805 747 1873 ἐπὶ
782 1809 818 1875 δὲ
852 1809 891 1877 σε’
925 1804 1140 1896 χρηστότητα,
1177 1810 1282 1890 altem
1321 1829 1415 1891 quam

243 1915 454 1981 Tischendert
490 1916 643 2001 probavit,
682 1912 739 1981 ἐπὶ
774 1913 811 1981 δὲ
846 1916 885 1984 σὲ
921 1911 1102 2003 λθλστότης
1143 1920 1237 1988 θεοῦ,
1281 1936 1415 1999 quarum

244 2024 381 2106 priorem
413 2023 493 2087 Itala
523 2028 635 2106 quater
644 2026 666 2102 1]
690 2024 794 2089 verbis
824 2026 879 2087 »in
903 2030 934 2089 te
958 2029 1064 2090 autem
1089 2024 1280 2089 benitatem«
1312 2022 1416 2088 reddi-

247 2130 303 2213 dit,
327 2130 443 2213 quibus
465 2130 685 2214 Hieronymus
711 2130 808 2196 »Dei«
836 2131 966 2196 addidit.

358 2255 524 2320 Venabula
546 2262 708 2338 tamquam
731 2256 853 2321 scholia
875 2257 995 2321 inserta
1018 2258 1067 2320 his
1097 2257 1289 2340 investigavi
1321 2256 1414 2320 locis:

357 2362 466 2427 Matth.
492 2365 564 2445 19‚4
588 2354 606 2426 ό
630 2358 776 2450 ποιήσας
799 2353 857 2427 ἀπ’
883 2354 995 2448 ἀρχῆς,
1020 2363 1058 2427 11.
1083 2364 1139 2446 qui
1161 2364 1239 2428 feeit
1256 2363 1295 2427 ab
1315 2364 1416 2445 initio,

247 2468 340 2552 Vulg.
364 2471 420 2553 qui
442 2470 520 2535 feeit
542 2471 747 2536 hominem
771 2470 809 2534 ab
832 2471 945 2549 initi0;

359 2579 387 2641 1.
411 2577 480 2642 Cor.
505 2580 577 2661 3‚13
603 2569 708 2665 ἡγὰρ
734 2570 840 2665 ἡμέρα
863 2570 1016 2665 δηλώσει,
1049 2578 1086 2642 lt
1111 2577 1179 2643 dies
1203 2578 1289 2643 enim
1313 2578 1417 2644 deela-

245 2683 336 2768 rabit,
360 2684 454 2769 Vulg.
478 2686 546 2751 dies
570 2688 654 2751 enim
679 2685 842 2750 Domini
866 2691 925 2751 etc.

356 2794 385 2856 2.
410 2791 479 2857 (ior.
506 2795 576 2875 1‚12
601 2791 635 2859 ἐν
658 2786 822 2878 ἁπλότητι
844 2786 1004 2879 (ἁγιότητι
1022 2792 1200 2872 Tischend.)
1223 2793 1260 2856 lt.
1283 2795 1317 2856 in
1341 2793 1415 2856 sim·

247 2898 398 2982 plicitete,
422 2899 514 2983 Vulg.
538 2902 571 2963 in
595 2901 797 2984 simplicitate
821 2901 974 2979 eordis3

357 3008 385 3069 2.
421 3008 489 3070 Ger.
526 3009 597 3089 5,15
633 3006 689 3073 καὶ
723 3003 809 3095 ὑπὲρ
844 3004 978 3073 πάντων
1013 2998 1193 3080 ἀπέθανεν,
1229 3007 1266 3071 lt.
1298 3011 1329 3072 et
1360 3028 1417 3091 pro

247 3113 394 3178 omnibus
429 3117 573 3178 meituus
613 3120 670 3193 est,
709 3114 803 3199 Vulg.
838 3119 870 3179 et
906 3134 963 3198 pro
1002 3113 1149 3178 omnibus
1186 3118 1332 3179 mortuus
1370 3119 1418 3180 est

248 3219 458 3300 Christum

357 3345 424 3409 Gal.
457 3347 529 3429 5,13
563 3342 619 3411 διὰ
648 3347 707 3433 τῆς
730 3337 873 3433 ἀγάπης,
907 3347 943 3410 It
967 3366 1024 3430 per
1047 3346 1220 3429 caritatem,
1244 3345 1337 3430 Vulg.
1360 3366 1418 3430 per

247 3454 411 3518 caritatem
434 3452 634 3537 Spiritum

358 3578 473 3663 Ephes
494 3580 567 3660 536
587 3574 620 3641 ἒν
638 3575 771 3668 ῥήματι,
792 3579 828 3642 It
847 3579 884 3642 in
903 3578 1010 3661 verbe,
1026 3578 1113 3662 Vulg
1130 3580 1165 3642 in
1184 3579 1280 3644 verbo
1300 3579 1417 3658 τῆτες

359 3703 497 3787 Philipp.
521 3704 573 3785 4‚8
597 3696 632 3766 εἷ’
649 3725 699 3779 τις
721 3698 869 3780 ἔπαινος,
896 3703 932 3767 It
956 3704 983 3767 si
1008 3723 1071 3786 qua
1092 3704 1171 3786 laus,
1190 3702 1283 3787 Vulg.
1308 3703 1334 3768 si
1354 3722 1419 3785 que

248 3811 316 3876 laus
340 3811 612 3895 disciplinam

358 3938 387 4000 2.
424 3936 502 4000 Tim.
541 3938 614 4017 225
650 3931 853 4002 παιδεύοντα
888 3933 968 4011 τοὺς
1006 3926 1341 4017 ἀντιδιατιθεμένους,
1381 3936 1417 4000 It

249 4044 473 4127 corripientem
497 4063 559 4123 ees
590 4043 645 4125 qui
668 4044 827 4127 resistunt,
851 4043 946 4127 Vulg.
970 4093 977 4106 .
1002 4093 1008 4106 .
1032 4094 1039 4106 .
1062 4043 1214 4107 resistunt
1237 4044 1416 4123 veritat13

360 4170 388 4231 1.
417 4168 489 4232 Joh.
520 4169 595 4241 4,17
620 4163 826 4231 τετελείωται
851 4159 869 4253 ἡ
895 4161 1019 4252 ἀγάπη,
1044 4167 1081 4231 It
1104 4168 1246 4251 perfecta
1268 4172 1316 4233 est
1338 4169 1418 4233 cari-

250 4277 305 4355 tas,
336 4273 428 4358 Vulg.
453 4324 460 4338 .
485 4324 491 4338 .
516 4324 522 4338 .
547 4276 662 4339 ceritas
691 4271 781 4356 Dei,
810 4275 896 4340 idem
920 4275 1088 4358 genetivus
1111 4275 1207 4338 etiam
1230 4273 1319 4339 Rom.
1344 4277 1417 4358 8,23

249 4381 284 4443 in
308 4379 400 4464 Vulg.
423 4381 546 4465 iegitur.

356 4628 377 4699 ¹)
395 4631 487 4683 eontra
506 4627 590 4683 Adim.
610 4646 632 4683 e.
651 4631 701 4699 ‘1373
720 4630 811 4684 eontra
828 4628 918 4684 taust.
938 4631 981 4697 9,2
1000 4632 1028 4683 et
1044 4629 1121 4696 21,3;
1139 4628 1172 4683 de
1190 4628 1416 4684 nationem.
