3517 5175
723 372 966 438 -103-

322 609 325 614 ,
767 549 924 619 Vulgata.
1198 548 1296 606 Itala

369 644 429 699 Joh.
448 645 517 710 6,63.

259 729 631 806 ἡσᾶρξούκώφελεῖούσίν.
660 747 720 784 earo
745 746 798 783 non
825 729 932 799 prodest
959 728 1032 797 quic-
1061 745 1121 784 caro
1140 733 1254 784 autem
1273 747 1326 784 non
1345 746 1384 801 sq.

660 837 747 890 quam.

335 912 449 982 Philipp.
469 912 539 978 4,11.

261 1003 311 1075 οὐχ
331 999 380 1056 ὅτι.
661 1015 714 1052 non
733 997 815 1068 qussi.
1062 1014 1114 1051 non
1133 998 1209 1067 quasi
1226 1001 1350 1054 antem.

374 1091 429 1148 001.
449 1092 518 1158 3‚10.

260 1181 309 1237 τὸν
333 1178 573 1249 ἀνακαινούμενον
597 1179 635 1236 τίς
661 1177 706 1247 qui
734 1178 878 1231 renovatur
904 1176 933 1228 in
960 1174 1034 1244 agni·
1063 1177 1328 1247 ....agniiionsm
1347 1179 1411 1235 dai.

261 1273 419 1344 ἐπίγνωσιν.
660 1267 769 1321 λίσσοιτο.

363 1362 437 1416 Rom.
460 1361 528 1426 15‚4.

260 1458 307 1507 tra
336 1490 343 1504 .
373 1488 380 1502 .
410 1489 416 1502 .
451 1447 501 1512 τὴν
534 1449 633 1501 ίλπίδα
661 1448 691 1500 ut
711 1490 716 1500 .
737 1489 742 1499 .
764 1461 862 1514 ‚spem
881 1444 1025 1498 habeamus
1027 1484 1178 1499 .....
1215 1446 1359 1501 habeamus
1395 1450 1434 1503 ad

261 1544 376 1612 ἔχωμεν.
1062 1536 1168 1589 deum.

362 1628 459 1698 Ephes.
479 1630 531 1690 al,

261 1721 412 1790 παρακαλῶ
432 1709 483 1772 οὖν
501 1715 579 1789 ὑμᾶς.
661 1714 769 1767 obsecro
788 1715 876 1783 itaque
896 1729 950 1767 vos.
1064 1757 1069 1767 .
1090 1756 1096 1767 .
1117 1756 1122 1767 .
1143 1758 1149 1769 .
1169 1731 1223 1781 νου,
1242 1715 1387 1770 fratros.

351 1811 408 1863 Acti.
428 1825 469 1876 ap.
489 1809 540 1874 23.

262 1886 340 1951 οὗτοί
357 1901 426 1950 εἰσιν
444 1898 471 1948 ολ
491 1899 635 1957 λαλοῦντες
662 1892 714 1956 isti,
734 1892 778 1961 qui
793 1892 945 1961 loquuntur,
963 1890 1033 1943 Gali·
1063 1892 1107 1961 qni
1122 1892 1272 1961 loquuntur,
1287 1895 1435 1949 natione

263 1989 410 2040 Γαλιλαῖοι.
662 1981 713 2036 laei
732 1985 802 2035 sunt.
1062 1985 1125 2035 sunt
1143 1982 1252 2037 Galilaai

374 2075 430 2130 Gal.
450 2077 519 2142 alo.

263 2159 317 2217 ὑπὸ
336 2159 459 2234 κατάραν
478 2168 555 2219 ελσίν.
661 2161 711 2214 sub
729 2159 868 2214 maledintn
888 2163 957 2214 sunt.
1064 2203 1069 2213 .
1091 2204 1096 2214 .
1117 2203 1123 2215 .
1142 2172 1205 2214 sunt
1223 2162 1322 2232 logis.

362 2254 531 2310 Lue.13.26.

263 2343 293 2393 ἓν
313 2347 369 2402 ταῖς
393 2345 531 2401 πλατείαις
555 2337 635 2412 ἡμῶν
662 2338 689 2391 in
715 2339 809 2408 plateis
833 2338 931 2392 nostris
954 2339 1033 2391 donn·
1063 2339 1090 2391 in
1126 2339 1221 2408 plateis
1265 2343 1362 2397 nostiis
1403 2349 1437 2397 et

263 2431 396 2491 ἐδίδαξας.
662 2428 713 2481 isti.
1062 2430 1252 2498 synagogis
1270 2432 1390 2485 docuisti.

359 2519 450 2574 Matth.
470 2521 540 2582 538.

263 2604 304 2661 ὅτι
323 2609 427 2682 ἐρρέθη.
663 2608 725 2677 quia
742 2608 841 2661 dictum
860 2610 909 2660 est.
1063 2608 1124 2677 qnia
1150 2609 1248 2663 dictum
1275 2614 1316 2664 est
1340 2613 1435 2665 anti-

1064 2698 1143 2766 quis
1181 2708 1257 2768 (quae
1293 2701 1377 2755 verba
1408 2702 1436 2755 in

1066 2803 1145 2841 vassu
1165 2789 1207 2843 21.
1227 2788 1356 2859 legimns).

347 2877 439 2930 natta.
459 2879 547 2944 2335.

262 2962 389 3035 ἁρπαγῆς
406 2970 453 3019 καλ
472 2964 611 3040 ἀκρασίας.
663 2964 756 3032 rapina
774 2968 802 3016 et
817 2962 983 3016 inmunditia.
1064 3008 1069 3018 .
1091 3008 1096 3019 .
1118 3009 1123 3019 .
1144 3009 1149 3020 .
1169 2969 1196 3020 st
1219 2967 1310 3020 omni
1329 2967 1436 3022 inninn-

1063 3055 1135 3109 ditia.

374 3126 449 3181 Rom.
469 3130 520 3193 7‚7.

264 3211 313 3267 οὐκ
331 3214 519 3286 ἐπιθυμήσεις.
663 3230 715 3268 non
735 3214 911 3283 concupisces.
1063 3231 1115 3269 non
1129 3216 1298 3285 concupisces
1311 3216 1436 3273 alisna.

373 3303 521 3371 Joh.1,18.

264 3393 366 3451 ἐκεῖνος
384 3389 541 3463 ἐξηγήσαιο.
663 3393 720 3462 ipse
739 3391 880 3446 enarravit.
1063 3392 1108 3446 ills
1138 3394 1304 3449 adnuntiavit
1332 3396 1437 3449 nobis

1062 3482 1100 3536 da
1120 3499 1163 3536 οο.

377 3552 453 3607 Ram.
473 3556 524 3621 6,6.

263 3641 484 3713 συνεσταυρώθη.
664 3641 743 3696 simul
762 3641 908 3695 crucifixus
927 3644 975 3695 est.
1063 3642 1141 3696 simul
1160 3643 1282 3697 confixus
1301 3647 1342 3698 ast
1364 3646 1436 3699 cruci

1063 3747 1137 3784 num
1156 3731 1228 3786 illo.

352 3806 433 3871 Apoc.
452 3804 539 3870 20,12.

264 3886 279 3941 ὃ
297 3890 373 3943 ίστιν
391 3892 436 3958 τῆς
454 3894 528 3959 ζωῆς.
664 3892 708 3961 qui
727 3903 769 3944 sst
786 3891 864 3945 vitae.
1064 3932 1069 3943 .
1087 3935 1092 3945 .
1108 3933 1114 3946 .
1129 3895 1200 3947 vitas
1213 3893 1435 3948 uniuscuius-

1064 3998 1136 4050 qus.

345 4070 367 4122 1.
387 4070 446 4127 Cor.
468 4073 552 4135 1218.

265 4150 279 4208 ὁ
298 4154 362 4216 θεὸς
380 4159 459 4213 ἔθετο
478 4155 511 4213 ταὶ
528 4167 605 4233 μέλη.
663 4160 750 4229 posuit
768 4159 842 4214 Deus
860 4160 986 4214 inambia.
1065 4200 1135 4214 ....
1155 4160 1281 4228 mambra,
1296 4160 1435 4231 singula.

355 4249 377 4301 1.
396 4249 461 4303 nm.
480 4254 549 4318 sps.

265 4330 349 4403 ἀργαὶ
365 4333 569 4407 μανθάνουσιν.
664 4338 762 4393 otiosas
781 4338 893 4392 discunt.
1064 4337 1162 4392 otiosae
1181 4354 1260 4393 esse
1278 4340 1389 4394 diseunt

344 4428 401 4479 Act.
422 4443 462 4495 ap.
483 4428 551 4494 2,12.

265 4504 346 4574 ἄλλος
364 4513 432 4587 πρὸς
444 4510 528 4569 ἄλλον
539 4521 637 4589 λέγον·
664 4518 696 4571 ad
714 4517 827 4571 invicem
847 4516 973 4570 dicantes.
1064 4516 1103 4589 nb
1122 4516 1170 4583 id,
1196 4518 1284 4586 quod
1303 4519 1435 4573 factum

265 4617 315 4660 τις.
1064 4607 1131 4673 est,
1149 4605 1276 4663 dicantes.
