3517 5175
781 372 1002 435 ..12-

303 548 472 625 διδακτοῖς
518 543 705 631 πνεύματος
756 551 975 633 interpretatio
1020 552 1175 615 vetustior
1223 551 1296 614 »sed
1342 551 1475 616 doctis

301 656 473 738 spiritu«
506 657 675 721 recentiori
706 658 914 741 praeferenda
947 663 1003 738 est,
1035 679 1117 740 quae
1149 663 1196 722 est
1230 658 1304 722 »sed
1337 659 1369 720 iu
1401 659 1475 724 doc-

302 764 385 826 tn'na
404 763 572 847 Spiritus«,
592 783 785 846 quamquam
807 785 872 828 non
894 785 985 847 nege,
1004 766 1075 830 fieri
1095 766 1245 849 potuisse,
1265 769 1301 827 ut
1315 764 1476 848 Hierony-

301 890 372 933 mus
401 871 434 932 in
466 871 630 935 codicibus
661 872 728 935 suis
759 872 890 936 Graecis
921 891 984 935 non
1009 868 1043 935 δι’
1062 872 1239 947 διδακτοῖς,
1270 891 1352 954 quae
1379 873 1476 937 verba

302 996 391 1041 nunc
411 979 554 1041 omnium
577 979 644 1043 fore
664 978 810 1043 codicum
832 998 989 1042 consensu
1010 978 1211 1058 extribentnr,
1230 979 1286 1042 sod
1306 974 1340 1042 ἐν
1358 978 1476 1065 διδαχῇ

300 1084 428 1167 legeret,
453 1105 546 1167 quem
572 1090 694 1151 textum
720 1103 805 1149 unus
829 1087 931 1150 codex
962 1091 993 1150 et
1023 1106 1088 1148 uua
1118 1086 1335 1169 interpretatio
1366 1086 1476 1169 lingua

302 1192 487 1264 Armonia¹i
511 1194 657 1258 coniecta
680 1194 842 1277 praebent.

411 1317 531 1382 Eadem
577 1318 712 1383 tortasse
758 1319 797 1383 de
844 1339 942 1383 causa
980 1318 1060 1381 Itata
1098 1317 1246 1382 abhorret
1283 1339 1302 1381 a
1338 1318 1476 1401 Vulgata

301 1426 329 1487 2.
354 1424 439 1488 Petri
464 1427 514 1508 3,3
540 1416 591 1489 ἐπ’
617 1421 762 1504 ἕοχάιιοι
784 1426 849 1487 τῶν
874 1420 1012 1510 ἡμερῶν,
1039 1425 1075 1489 It.
1096 1427 1129 1486 in
1150 1426 1324 1489 novissimo
1341 1425 1474 1506 dierum,

301 1531 394 1612 Vutg.
418 1533 452 1594 in
473 1533 655 1596 novissimis
676 1533 798 1612 diebus
822 1553 895 1596 cum
918 1538 1042 1616 praeter
1061 1532 1230 1597 tectionem
1248 1523 1300 1594 ἐπ’
1318 1527 1472 1611 ἐσχάτοιν,

300 1659 395 1720 quam
419 1639 629 1704 Tischendori
652 1659 778 1722 quoque
802 1639 955 1724 probarit,
986 1640 1116 1703 aiteram
1148 1640 1219 1701 libri
1246 1659 1318 1703 mss.
1342 1638 1474 1704 exhibe·

300 1750 362 1826 ant,
397 1766 478 1828 quae
514 1753 562 1812 est
596 1737 648 1809 ἐπ’
685 1743 833 1826 ἐσχάτου,
869 1767 966 1829 quarn
997 1751 1108 1810 auctor
1137 1747 1235 1812 Italae
1264 1748 1398 1811 fortasse
1426 1767 1474 1811 se-

300 1857 393 1917 cutus
417 1858 471 1918 est

410 1960 472 2024 Pro
505 1955 592 2037 ἴδιος
626 1961 707 2025 Itala
739 1967 770 2026 et
801 1963 893 2044 irgnr.
926 1962 1025 2026 Italae
1057 1961 1246 2045 plerumque
1278 1962 1473 2025 adiectivum

303 2070 546 2152 »proprius«,
570 2068 789 2151 Hieronymus
813 2075 918 2133 autem
945 2089 1057 2131 »suns«
1081 2068 1226 2150 reddunt,
1250 2069 1334 2150 quod
1352 2069 1473 2132 tactum

299 2178 347 2238 est
372 2177 399 2238 1.
423 2175 492 2239 Cor.
518 2177 600 2257 6,18‚
624 2176 691 2238 Gal.
717 2177 776 2258 os,
804 2180 830 2240 i.
852 2176 930 2239 Tim.
955 2178 1017 2256 no,
1046 2178 1130 2240 sicut
1161 2180 1193 2240 et
1224 2179 1251 2239 1.
1284 2176 1352 2239 Cor.
1382 2177 1471 2258 12,11

297 2282 353 2346 itla
383 2303 440 2366 pro
474 2281 625 2367 διαιροῦν
658 2276 727 2368 ἰδίᾳ
762 2278 890 2367 ἑκάστῳ
925 2283 1092 2348 »dividens
1120 2283 1283 2367 propria
1307 2284 1474 2348 unicni-

299 2409 393 2471 que«
429 2389 576 2468 reddidit,
609 2390 662 2454 hio
697 2391 732 2452 iu
766 2390 873 2454 verbis
909 2389 1077 2455 »dividens
1112 2390 1264 2472 singulis«
1303 2391 1473 2472 acquievit.

298 2497 464 2560 Interdum
495 2497 713 2579 Hieronymus
741 2517 869 2579 quoque
901 2498 1058 2562 adiectivo
1093 2498 1276 2580 »proprius«
1311 2517 1388 2560 usus
1418 2501 1473 2578 est,

300 2609 342 2667 ut.
375 2604 446 2668 Joh.
483 2607 552 2685 lul
587 2611 619 2670 et
654 2608 680 2668 1.
714 2605 782 2670 Cor.
818 2608 921 2687 mss,
954 2626 1015 2671 nec
1048 2612 1153 2669 tamen
1187 2605 1397 2669 omittendum
1427 2609 1475 2669 est

299 2713 389 2776 Rom.
416 2714 582 2795 14,4.5,1,
608 2716 635 2777 l.
661 2713 730 2777 Cor.
756 2716 815 2795 7,2‚
838 2713 895 2775 Tit.
922 2716 970 2794 l,3
996 2714 1030 2775 iu
1053 2718 1187 2794 utraque
1211 2713 1473 2797 interpretatione

299 2840 476 2904 pronomen
500 2823 714 2904 possessivum
740 2821 810 2903 legi.

412 2927 548 3010 Reliqua
571 2928 721 3012 exempla
748 2928 977 2992 adiectivorum
1008 2926 1047 2990 ab
1079 2932 1207 2991 auctore
1230 2927 1330 2991 italae
1358 2946 1475 3010 magua

300 3036 470 3099 tenacitate
494 3035 662 3099 verborum
688 3036 909 3099 translatorum
933 3036 1014 3099 haec
1037 3034 1150 3099 habes:

413 3144 440 3205 1.
474 3142 543 3206 Cur.
578 3143 673 3224 11‚3o
704 3147 882 3224 κοιμῶνται
914 3136 1030 3213 ἱκανοί,
1056 3142 1093 3206 It
1118 3142 1282 3206 dormiunt
1304 3141 1475 3206 sufiici-

300 3255 431 3330 entes,
457 3249 549 3334 Vutg.
574 3251 737 3314 dormiunt
760 3251 871 3329 multi3

411 3356 520 3420 Matth.
546 3359 640 3439 1632
663 3352 759 3432 ἵλεώς
783 3377 846 3429 σοι,
872 3358 910 3421 lt.
934 3358 1144 3442 propitius
1165 3357 1243 3420 tibi
1265 3362 1364 3437 esto,
1382 3356 1474 3439 Vuig.

301 3463 383 3528 absit
406 3484 425 3527 a
448 3468 492 3543 te3

412 3571 526 3653 Ephes.
548 3575 599 3653 2,4
622 3571 681 3658 τὴν
698 3568 826 3657 πολλὴν
847 3564 990 3656 ἀγάπην,
1012 3572 1048 3635 It.
1073 3572 1237 3635 multam
1262 3571 1475 3651 dilectionem,

300 3678 394 3761 Vulg.
420 3680 551 3742 nimiam
577 3679 758 3757 caritatem3

392 3788 463 3850 Act.
487 3808 535 3871 ap.
561 3787 634 3865 1,18
651 3782 778 3872 πρηνὴς
792 3779 974 3869 γενόμενος,
995 3786 1031 3848 It.
1053 3787 1244 3851 deiectus
1259 3787 1299 3848 in
1315 3785 1475 3865 faciem,

302 3894 395 3975 Vutg.
419 3913 609 3977 suspensum

388 4003 459 4064 Act.
493 4020 541 4084 ap.
575 4002 647 4081 1,13
681 3996 736 4063 dac
769 3996 933 4085 εἷςῆλθοι,
970 3994 1016 4075 εἷς
1048 3997 1086 4061 οδ
1117 3995 1271 4084 ὑπερῷοι
1299 3990 1472 4084 ἀνέβησαν,

300 4107 337 4171 It.
368 4126 442 4172 cum
471 4107 666 4185 introissent,
698 4107 913 4171 ascenderunt
942 4108 983 4170 iu
1015 4109 1249 4192 superiora,
1273 4107 1368 4189 Vutg.
1401 4125 1474 4170 cum

301 4216 486 4279 introissent
508 4216 543 4276 in
567 4215 788 4291 coenaculum,
813 4215 1036 4280 ascenderunt.

411 4322 588 4406 Scriptores
621 4321 751 4386 Latinos
783 4324 966 4406 posterioris
998 4324 1149 4406 temporis
1182 4326 1214 4387 et
1243 4323 1413 4385 Africanos
1444 4324 1476 4385 et

301 4430 533 4495 ecclesiasticos
556 4430 713 4514 gradus
742 4432 1073 4515 comparationis
1097 4432 1154 4493 ita
1177 4430 1410 4514 permiscuisse,
1440 4431 1476 4490 ut

300 4557 513 4565 ----

408 4608 428 4677 ²)
448 4606 558 4675 Zieglnr,
577 4606 794 4677 ltalntragmente
814 4612 863 4661 etc.
883 4624 940 4676 pag.
962 4606 1004 4659 78.
