3517 5175
844 337 1067 418 ,30-

374 539 447 595 mus
475 530 703 615 praecedentes
734 532 979 597 coniunctiones
1009 523 1123 599 οὐκ-
1137 511 1217 597 adde*
1244 535 1387 599 imitatus
1419 554 1544 617 >neque

372 639 512 703 femina«
538 638 673 721 scripsit

485 761 640 847 Dubitare
662 763 738 828 lioet
761 762 800 829 de
823 763 913 828 Rom.
938 766 1021 846 834,
1045 784 1117 829 oum
1143 765 1240 830 verba
1269 761 1303 829 ri
1332 763 1388 830 καὶ
1417 760 1545 846 ἐλπίζει

374 870 414 936 de
445 872 505 935 oiv.
528 868 589 935 Dei
622 871 715 952 10,25
747 871 876 953 quidem
905 870 1073 954 diligenter
1096 872 1202 937 verbis
1228 873 1325 956 »quid
1349 877 1386 938 et
1408 880 1544 957 sperat«,

374 979 413 1043 de
437 979 497 1043 air.
521 977 581 1043 Dei
607 979 807 1060 15‚18.19,4
831 982 938 1043 autem
962 984 994 1044 et
1016 983 1127 1043 eontra
1149 979 1253 1044 Faust
1279 982 1349 1062 ll,7
1374 999 1475 1063 aeque
1499 985 1545 1044 at·

373 1106 436 1169 que
473 1086 507 1148 in
548 1084 685 1168 Vulgata
722 1084 830 1150 verbis
871 1085 970 1168 »quid
1010 1090 1133 1170 sperat«
1174 1086 1298 1152 reddita
1334 1089 1406 1169 sint,
1441 1091 1474 1152 et
1505 1087 1544 1152 de

375 1196 403 1256 1.
427 1192 497 1257 Gor.
523 1194 626 1274 lopo,
648 1211 705 1275 pro
730 1193 821 1256 ouius
844 1191 952 1257 verbis
977 1185 1101 1269 »οὕτως
1123 1191 1179 1258 καὶ
1202 1190 1399 1279 ye'ypomeu
1422 1194 1461 1259 de
1485 1195 1544 1258 oir.

373 1297 432 1365 Dei
468 1301 560 1378 1324
594 1299 660 1363 »sio
690 1303 728 1364 et
756 1300 910 1384 scriptum
941 1304 1019 1381 esa,
1049 1305 1159 1365 eontra
1181 1301 1288 1365 Adina.
1314 1302 1353 1365 12
1383 1306 1490 1366 autem
1514 1304 1546 1365 et

373 1411 483 1472 contra
505 1407 610 1472 Faust
635 1407 707 1488 243
733 1406 829 1471 rerba
854 1406 1010 1490 Vulgatae
1037 1408 1102 1472 »sio
1120 1409 1274 1492 seriptum
1293 1413 1359 1473 est«
1386 1408 1544 1492 leguntur.

373 1513 422 1580 De
453 1513 569 1598 quibus
599 1513 678 1579 loeis
706 1513 792 1579 idem
819 1514 952 1580 tortasse
967 1514 1175 1579 iudicandum
1200 1520 1256 1597 est,
1280 1514 1364 1598 quod
1388 1514 1544 1596 Ziegler1)

373 1622 413 1688 de
437 1621 507 1685 aliis
530 1621 721 1704 quibusdam
744 1621 822 1685 loeis
844 1621 975 1704 iudicat,
998 1622 1117 1687 faotum
1146 1641 1225 1705 esse,
1255 1626 1291 1685 ut
1318 1622 1416 1687 rerba
1435 1623 1545 1704 Augu·

371 1729 448 1793 stini
471 1749 514 1794 ex
537 1727 627 1791 libris
643 1727 770 1792 divinis
794 1727 896 1809 allata,
920 1748 1002 1812 quae
1026 1728 1156 1812 quidem
1179 1728 1254 1793 libri
1277 1728 1373 1793 huius
1404 1729 1545 1794 auctoris

373 1836 482 1921 optimi
515 1839 548 1901 et
575 1834 724 1898 omnibus
754 1835 821 1900 fere
844 1838 912 1899 noti
936 1835 1097 1917 exhibent,
1128 1836 1389 1920 interpolatorum
1412 1836 1543 1901 licentia

371 1944 451 2010 adeo
483 1942 741 2026 depravarentur,
773 1948 809 2006 ut
840 1962 897 2027 pro
929 1946 1020 2008 textu
1053 1941 1151 2008 Italae
1182 1942 1280 2008 verba
1311 1943 1467 2027 Vulgatae
1495 1943 1545 2006 in-

372 2055 562 2117 sererentur.

482 2174 815 2240 Coniunotiones
860 2175 1141 2238 disiunctiras
1179 2170 1421 2242 εἴτε-εἴτε
1470 2195 1545 2240 oon·

370 2281 589 2348 iunctioribus
627 2283 872 2347 sire-sive
911 2281 950 2345 ab
988 2280 1068 2345 Itala
1105 2281 1188 2347 hone
1225 2283 1392 2347 translatas
1430 2284 1542 2347 inveni

372 2394 401 2456 l.
424 2389 494 2455 Cor.
520 2391 630 2471 1226:
656 2384 722 2455 εἴτε
746 2386 866 2469 πάσχει
890 2382 928 2452 ἓν
948 2385 1162 2471 μέλος-εἴτε
1186 2384 1370 2468 δοξάζεται,
1391 2388 1429 2454 It.
1454 2392 1542 2456 sive

370 2499 489 2582 patitur
519 2516 620 2560 unum
652 2494 978 2561 membrum-sive
1006 2495 1211 2578 glorificatur,
1241 2494 1480 2579 Hieronymus:
1516 2499 1543 2561 si

371 2606 448 2689 quid
471 2606 573 2688 (quasi
597 2609 705 2669 textus
729 2603 869 2669 Graecus
897 2599 952 2670 »εἷ’
969 2627 1019 2669 τι(
1047 2604 1209 2684 exhibeat)
1234 2605 1361 2670 -sivo

482 2729 806 2794 coniunctionis
835 2719 857 2816 ἤ
888 2728 927 2792 ab
959 2728 1039 2793 Itala
1071 2734 1222 2811 servatae,
1254 2749 1272 2792 a
1311 2728 1447 2812 Vulgata
1482 2750 1538 2795 ne·

374 2838 496 2921 gleotae
517 2856 620 2901 unum
651 2834 846 2920 deprehendi
870 2835 1051 2919 exemplum
1081 2837 1152 2900 Act„
1183 2856 1231 2919 ap.
1259 2837 1354 2919 20,33
1383 2827 1543 2923 ἀργυρίου

374 2939 399 3033 ἢ
415 2939 563 3031 χρυσίου,
588 2943 626 3007 It
650 2948 816 3027 argentum
840 2945 907 3005 aut
929 2962 1051 3026 aurum,
1070 2942 1165 3026 Vulg.
1184 2947 1349 3026 argeutum
1371 2947 1403 3007 ot
1421 2961 1543 3006 aurum.

481 3068 759 3133 Adversativa
799 3087 960 3151 quoque
999 3068 1247 3133 ooniunotio
1287 3066 1325 3134 δέ
1361 3069 1397 3130 in
1436 3070 1542 3131 vetere

371 3176 632 3260 interpretatione
662 3193 895 3257 nonnunquam
925 3176 1089 3255 retinetur,
1115 3176 1150 3237 in
1177 3176 1354 3240 recentiore
1378 3174 1542 3255 omittitur,

373 3283 459 3367 quod
493 3284 614 3348 fastum
649 3286 698 3347 est
733 3284 760 3346 1.
795 3281 865 3346 Gor.
902 3283 973 3364 13,8
1004 3277 1070 3347 εἴτε
1101 3283 1138 3348 δὲ
1168 3284 1383 3369 προφιγιεῖαι,
1413 3281 1542 3345 lasivs

372 3396 506 3456 autem
529 3389 723 3474 prophetiae,
738 3387 833 3472 Vulg.
848 3390 917 3453 sire
937 3387 1130 3473 prophetiae,
1152 3394 1184 3454 et
1196 3387 1288 3453 Rom.
1305 3389 1387 3471 8,ll.
1428 3390 1455 3451 1.
1471 3386 1541 3451 Cor.

373 3498 477 3582 lala.
523 3497 553 3560 2.
577 3494 646 3561 Cor.
670 3496 753 3579 s,18.

484 3621 733 3686 Coniunctiones
747 3615 856 3700 μέν-
866 3615 904 3683 δέ
919 3619 957 3684 ab
973 3620 1029 3683 illa
1043 3620 1191 3685 versione
1211 3620 1380 3703 diligenter
1398 3618 1541 3684 redditae

371 3730 450 3794 mihi
470 3733 676 3794 occurrerunt
694 3727 783 3791 Rom.
804 3729 876 3809 14,5
897 3714 935 3801 lg
951 3716 1109 3810 μέν-ὃς
1135 3724 1180 3800 δέ,
1211 3727 1249 3791 It
1273 3727 1355 3791 alius
1378 3725 1540 3809 quidem

372 3835 578 3903 ....alius
601 3840 751 3916 autem,
776 3833 869 3917 Vulg.
894 3834 976 3898 alius
999 3884 1006 3896 .
1031 3884 1037 3896 .
1062 3884 1068 3898 .
1093 3884 1099 3897 .
1123 3835 1213 3917 aliua,
1238 3833 1305 3898 Gal.
1328 3835 1401 3916 4,·23
1427 3823 1541 3898 ‹lll‘t

371 3942 533 4028 μέν...
560 3937 577 4007 ὃ
607 3938 653 4014 δέ,
685 3941 722 4005 It.
752 3941 809 4006 sed
838 3942 867 4004 is
896 3940 1123 4024 quidem..
1148 3991 1185 4005 ..
1216 3943 1272 4024 qui
1302 3947 1417 4024 autem,
1446 3940 1541 4024 Vulg.

371 4052 428 4118 sed
460 4051 516 4133 qui
539 4099 546 4113 .
570 4099 608 4113 ..
639 4049 694 4131 qui
724 4052 838 4130 autem,
869 4050 897 4112 1.
928 4046 997 4112 Gor.
1028 4050 1122 4132 12,19
1147 4042 1246 4120 εἶδέ,
1275 4049 1312 4113 It.
1341 4050 1369 4113 si
1392 4052 1540 4130 autem,

371 4158 466 4242 Vulg.
489 4156 575 4240 quod
597 4156 634 4220 si.

480 4281 570 4347 Idem
608 4278 768 4344 iudicabis
805 4280 845 4345 de
884 4280 1109 4345 coniunctione
1141 4272 1226 4346 ἄλλά
1257 4281 1328 4345 Aot.
1362 4301 1410 4364 ap.
1446 4280 1540 4362 1030

370 4381 457 4455 ἀλλὰ
480 4380 633 4465 ἀναστάς,
659 4386 695 4450 It.
719 4386 775 4451 sed
798 4406 902 4471 surge,
925 4387 1019 4471 Vulg.
1043 4406 1138 4470 surge
1161 4388 1277 4470 itaque.

478 4583 499 4654 ¹)
518 4580 629 4652 Ziogler,
647 4579 864 4651 ltaletragrnente
883 4597 940 4651 pag.
960 4582 1002 4636 22.
