3517 5175
725 427 765 436 -
817 390 879 452 105
925 427 968 437 —-

767 564 924 633 Vulgata
1193 561 1297 617 Itala.

361 658 441 712 llarc.
461 659 529 725 3327.

261 747 421 818 διιιρπιὶσιιι.
660 744 827 814 diripere.
1061 741 1172 811 eripere.

372 837 428 891 Gal.
447 838 517 891 als.

261 921 332 997 ἡμᾶς
350 921 525 997 ἐξηγόρασεν.
660 939 708 976 nos
727 923 885 977 redemit.
1061 935 1109 974 uos
1159 919 1282 974 liberavit
1333 924 1435 982 (contra

1061 1009 1140 1064 Felic.
1151 1011 1220 1074 alo,
1240 1010 1338 1066 Contra
1348 1011 1433 1064 adim.

1062 1117 1083 1153 c.
1113 1100 1143 1153 21
1175 1103 1202 1152 et
1229 1102 1321 1153 contra
1345 1100 1434 1153 Faust.

646 1245 648 1259 ,
1063 1190 1137 1254 14‚1:
1157 1189 1296 1253 redemit).

346 1285 370 1336 ⁴2.
389 1283 461 1337 Patr.
483 1283 549 1336 1.19.
646 1269 648 1330 l

262 1373 312 1432 ἕως
329 1360 362 1425 οὗ
382 1367 470 1441 ἡμέρα
492 1366 632 1442 διαυγάσῃ
661 1369 744 1422 donec
762 1368 818 1422 dies
841 1368 1034 1423 elucescat.
1047 1371 1049 1386 '
1061 1368 1145 1420 donec
1163 1367 1219 1421 dies
1238 1367 1361 1422 lucescat.

342 1465 401 1515 Act
421 1477 461 1528 ap.
483 1460 550 1524 123.

262 1549 291 1610 ὅς
310 1546 447 1616 ἐπεκλήθη
463 1547 588 1606 Ἰοῦστος,
662 1547 706 1616 qui
719 1547 984 1615 cognominatus
995 1550 1036 1600 est
1062 1545 1107 1615 qui
1127 1550 1155 1599 et
1167 1546 1267 1600 Justus.

661 1638 762 1690 Justus.

353 1732 375 1781 l.
395 1729 454 1783 Cor.
474 1728 543 1792 3‚12.

262 1818 449 1886 ἐποικοδομεῖ.
662 1814 956 1883 superaedificat.
1063 1812 1193 1868 aedificat.

384 1906 440 1960 Jac.
460 1905 511 1970 5,6.

261 1993 466 2050 κατεδικάσατε.
663 1993 867 2048 addixistis.
1062 1991 1217 2046 adduxistis,

386 2084 442 2137 Gal.
462 2082 513 2148 3,8.

262 2172 425 2242 προϊδοῦσα.
662 2170 862 2240 providens.
1062 2168 1228 2238 praevidens

365 2265 444 2330 Apoo.
464 2260 533 2326 20,8.

263 2355 441 2419 συναγαγεῖν.
662 2352 690 2402 et
708 2348 950 2417 congregabit.
1064 2349 1090 2400 et
1108 2347 1204 2401 tratres

382 2437 437 2493 001.
457 2440 508 2493 3.1.

263 2528 288 2580 et
305 2530 497 2596 συνηγέρθητε.
662 2526 684 2578 si
704 2527 998 2581 consurrexistis.
1063 2525 1086 2578 si
1105 2525 1296 2579 resurrexistis

359 2615 471 2684 Philipp.
490 2617 541 2682 aa.

263 2700 456 2771 ὑπερύψωσεν.
663 2704 741 2759 exal
752 2706 852 2760 tavit.
1063 2704 1201 2758 suscitarit
1219 2721 1235 2759 a
1253 2705 1372 2759 mortuis.

362 2794 384 2846 1.
403 2793 467 2847 Tim.
487 2795 538 2862 4,6.

264 2876 469 2950 ὑποτιθέμενος.
662 2899 870 2953 proponens,
1063 2882 1235 2951 praecipiens

390 3064 434 3140 d..
462 3056 724 3146 Exempla
750 3061 993 3132 πιοῦσι-ῦς
1018 3060 1301 3131 momenti.

769 3203 928 3272 Vulgata.
1196 3202 1299 3257 Itala.

356 3289 449 3343 anuh.
469 3291 538 3345 915.

264 3373 420 3431 ἐλεύσονται
463 3330 494 3431 dl
536 3374 634 3449 ἡμέραι
663 3381 1035 3453 venieutautemdies‚quunr
1063 3385 1128 3435 tunc
1137 3380 1266 3450 lugebunt
1274 3379 1325 3433 tilii
1338 3380 1435 3451 sponsi,

265 3460 333 3516 ὅταν
349 3462 463 3539 ἀπαρθῇ
481 3465 527 3521 ἀπ’
542 3466 636 3521 αὐτῶν
662 3472 801 3525 auferetur
814 3470 847 3525 ab
862 3471 901 3524 eis
914 3487 1035 3541 sponsus,
1064 3488 1123 3525 curn
1143 3471 1176 3524 ab
1195 3470 1234 3523 eis
1253 3469 1355 3523 ablatus
1375 3471 1436 3525 fue·

264 3549 279 3606 ὀ
298 3558 427 3624 νυμφίος,
446 3560 492 3609 καὶ
512 3553 570 3610 τότε
588 3574 635 3625 νη·
663 3563 691 3613 et
708 3564 772 3614 tunc
788 3560 955 3629 jejunabunt.
1064 3560 1099 3613 rr't
1116 3558 1266 3629 sponsus1).

264 3639 434 3695 στεὺσουσιν.

316 3731 409 3786 Matth.
430 3734 506 3800 saal
520 3735 578 3790 32.

264 3817 315 3873 οὐκ
333 3819 469 3890 ἀνέγνωτε
494 3821 525 3876 τὸ
550 3824 635 3895 ῥηθὲν
662 3844 715 3882 uon
733 3826 835 3896 legistis
853 3828 922 3897 quod
936 3826 1035 3881 dictum
1063 3843 1116 3880 non
1130 3825 1239 3895 legistis,
1255 3825 1336 3895 quid
1350 3825 1436 3880 deus

264 3904 331 3977 ὑμῖν
353 3906 407 3965 ὑπὸ
432 3914 480 3965 τοῦ
499 3913 566 3965 θεοῦ
591 3914 636 3966 tt·
663 3920 704 3970 est
722 3932 738 3969 a
755 3915 931 3970 Deodioente
946 3915 1035 3969 roba:
1064 3915 1209 3970 locutus
1228 3915 1276 3968 sit
1293 3916 1333 3969 de
1351 3914 1436 3968 rubo

263 4015 375 4064 νοντος·
395 3996 450 4071 ἐγώ
469 4004 524 4072 ειμι
540 3998 555 4055 ὁ
571 4000 637 4063 θεὸς
665 4005 735 4073 »Ego
745 4020 803 4058 sum
814 4004 888 4059 Deus
902 4004 1034 4059 Abraham
1064 4005 1102 4059 ad
1126 4004 1284 4072 Moysen:
1310 4019 1358 4073 ego
1376 4019 1436 4057 sum

260 4080 382 4158 Ἀβραὰμ
397 4088 548 4152 natissae
564 4088 636 4144 Ἰσο-
664 4096 691 4149 et
712 4094 786 4148 Deus
811 4094 887 4149 Isaac
912 4096 939 4148 et
962 4094 1035 4148 Deus
1063 4094 1129 4147 deos
1157 4093 1290 4148 Abraham
1318 4095 1346 4146 et
1370 4092 1436 4147 deus

264 4168 299 4223 ὰτι
326 4177 372 4226 καὶ
397 4175 412 4231 ὁ
438 4178 503 4241 θεὸς
525 4176 635 4248 laad&
662 4183 779 4238 iacobi<
810 4199 864 4236 non
892 4185 933 4237 est
962 4182 1036 4237 Deus
1064 4181 1437 4236 lsaacetdeuslaooblnon

264 4258 315 4313 οὐκ
340 4263 415 4317 ἔστιν
439 4269 503 4328 θεὸς
530 4273 636 4343 νεκρῶν
663 4280 836 4337 mortuorum,
867 4272 914 4325 sed
942 4272 1035 4325 riven—
1064 4274 1105 4326 est
1122 4271 1188 4324 deus
1201 4274 1373 4328 mortuorum.
1389 4271 1436 4324 sed

264 4347 466 4415 tristamur.
663 4360 738 4416 tium.
1062 4359 1199 4427 virorum3
1218 4374 1332 4413 omnes
1351 4358 1436 4413 enim

1063 4448 1121 4501 illi
1139 4448 1302 4518 vivunt').

370 4603 390 4673 ¹)
408 4611 500 4662 contra
517 4607 604 4665 Adim.
623 4627 645 4664 ο.
667 4612 707 4665 l‘l.
842 4609 845 4679 Ι
1010 4609 1031 4679 ²)
1050 4620 1142 4663 contra
1159 4608 1250 4664 Faust
1271 4609 1357 4677 lact.
