3517 5175
553 763 651 839 Elvir
678 764 822 839 Ehrlich
851 766 899 839 dc
927 766 1001 840 vita
1028 791 1104 840 sua.

353 960 519 1025 iohannes
542 959 724 1025 Fridericus
746 960 836 1024 Elvir
858 961 999 1044 EhrIich,
1026 959 1214 1026 Drasdensis
1237 960 1411 1044 Saxonum,

244 1072 429 1131 natussum
455 1088 482 1131 a.
506 1068 535 1132 d.
559 1068 597 1131 V.
620 1068 697 1132 Idus
723 1068 840 1152 Aprilis
863 1088 948 1131 anno
968 1069 996 1131 h.
1016 1067 1410 1152 s.LV.patreFride1ico

244 1175 389 1256 Augusto
419 1174 559 1257 Ehrlich,
590 1177 760 1257 quianno
791 1176 820 1238 h.
851 1196 874 1238 s.
905 1174 1088 1239 LXXXVI.
1119 1176 1204 1240 diem
1227 1195 1410 1259 supremum

245 1280 331 1364 obiit,
363 1287 395 1346 et
425 1287 526 1347 matre
558 1281 720 1346 Friderica
751 1282 878 1346 Amotia
914 1302 931 1347 e
966 1287 1059 1365 gente
1094 1281 1310 1365 Muelleriana,
1349 1303 1413 1366 qua

245 1390 407 1453 carissima
430 1389 553 1471 gaudeo
578 1390 659 1452 viva
704 1388 793 1453 Fidei
818 1389 1021 1472 evangelicae
1044 1389 1190 1454 addictus
1217 1408 1297 1453 sum.
1342 1389 1412 1453 Pri·

244 1497 304 1559 mis
332 1496 506 1560 litterarum
535 1496 724 1560 rudimentis
747 1495 889 1559 imbutus
912 1516 998 1560 anno
1022 1497 1051 1560 h.
1075 1516 1098 1560 s.
1122 1495 1240 1560 LXIX.
1263 1498 1297 1559 in
1321 1516 1412 1579 gym-

244 1604 368 1666 nasium
399 1602 572 1687 lipsiense,
603 1602 687 1685 quod
718 1607 749 1667 et
778 1603 918 1666 scholam
948 1602 1179 1667 Nicolaitanam
1209 1609 1334 1685 vocant,
1363 1623 1412 1668 re-

245 1715 356 1794 ceptus
379 1730 459 1792 sum,
483 1711 574 1774 cuius
597 1710 722 1775 scholas
744 1711 931 1794 professoris
954 1709 1054 1794 Lipsii
1072 1711 1213 1792 rectoris,
1237 1710 1412 1775 doctissimi

244 1819 396 1901 auspiciis
424 1837 483 1901 per
506 1816 550 1880 VI
581 1836 682 1880 annos
709 1817 918 1899 frequentavi.
964 1816 1048 1881 Vere
1077 1818 1154 1880 anni
1179 1818 1208 1881 h.
1232 1837 1255 1880 e.
1279 1816 1412 1880 LXXV.

244 1925 435 1988 maturitatis
458 1925 616 2005 examine,
647 1924 732 2005 quod
755 1930 879 2004 vocant,
903 1929 1049 2008 superato
1072 1923 1198 2008 Lipsiae
1221 1924 1412 2008 philologiae

244 2032 358 2094 studiis
377 2051 428 2095 me
447 2031 530 2111 dedi,
550 2030 604 2094 ubi
626 2030 817 2095 lectionibus
832 2032 971 2093 virorum
990 2031 1243 2095 doctissimorum
1260 2030 1412 2113 Brandes,

245 2139 381 2218 Curtius
397 2135 562 2218 Drobisch,
578 2137 740 2216 Eckstein,
756 2137 987 2218 Gardthausen,
999 2137 1130 2218 Heinze,
1143 2136 1261 2221 Lange,
1276 2136 1412 2222 Lipsius,

245 2246 284 2310 de
308 2244 467 2326 Noorden,
490 2243 641 2326 Ribbeck,
671 2244 776 2327 Voigt,
800 2244 931 2326 Wundt,
962 2243 1103 2309 Zarncke
1125 2245 1265 2327 interfui,
1297 2244 1413 2327 quibus

245 2353 461 2435 sirisoptime
485 2352 524 2416 do
547 2371 598 2415 me
622 2352 742 2416 meritis
766 2371 892 2434 semper
914 2352 1046 2432 gratiam
1070 2350 1201 2416 habebo

354 2476 513 2541 Examina
543 2476 669 2560 publico
702 2496 813 2541 menso
844 2476 1013 2540 Decembri
1044 2477 1121 2539 anni
1151 2477 1181 2539 h.
1211 2497 1234 2539 s.
1258 2475 1411 2540 LXXIX.

244 2591 390 2669 superato
425 2583 613 2648 candidatus
645 2583 826 2667 probandus
858 2583 1025 2666 gymnasio
1058 2582 1230 2649 Dresdensi
1267 2583 1412 2649 addictus

244 2712 324 2773 sum,
358 2692 442 2775 quod
475 2698 522 2756 est
553 2692 592 2755 ad
626 2692 737 2756 aedem
767 2692 902 2755 Sanctae
933 2690 1052 2772 Crucis,
1083 2690 1138 2753 ubi
1167 2711 1267 2754 unum
1291 2711 1410 2755 annum
1506 2726 1511 2736 ·

244 2803 387 2864 vorsatus
410 2819 491 2862 sum.
537 2796 661 2862 Deinde
685 2798 724 2862 ab
744 2818 828 2862 anuo
848 2799 878 2861 h.
897 2818 921 2861 s.
940 2796 1092 2861 LXXXI,
1111 2817 1213 2880 usque
1232 2799 1273 2862 ad
1291 2817 1411 2862 annum

245 2905 428 2970 LXXXIV.
452 2905 594 2970 Dresdao
617 2906 757 2987 magistri
782 2924 914 2968 munere
937 2906 971 2967 in
995 2903 1102 2968 schola
1130 2907 1261 2969 rectoris
1285 2904 1412 2969 Miiller-

245 3012 380 3078 Gelinek
413 3012 542 3076 functus
576 3032 655 3094 sum,
691 3012 828 3094 denique
862 3013 897 3074 in
934 3012 1085 3095 oppidum
1116 3011 1259 3076 Rochlitz
1292 3013 1413 3076 accitus

245 3140 362 3184 munus
387 3120 527 3201 magistri
551 3121 676 3203 suscepi
699 3120 733 3181 iu
758 3119 876 3202 schola,
906 3138 999 3201 quam
1031 3123 1148 3184 vocant
1173 3119 1412 3202 ›Realschulc‹,

246 3246 382 3308 quacum
415 3227 674 3310 progymnasium
708 3228 916 3290 coniunctum
950 3231 1005 3290 est.
1052 3225 1121 3304 Quo
1153 3245 1286 3292 munere
1318 3227 1412 3291 etiam

246 3352 335 3397 nunc
356 3334 482 3417 fungor.
