3517 5175
792 354 1013 417 ‚10-

770 529 863 585 Itala
887 529 1035 599 Speculi.
1224 529 1381 599 Vulgata.

416 619 441 672 2.
461 618 519 675 Cor.
539 619 591 685 9,7.

318 709 356 782 τῇ
376 707 515 779 καρδίᾳ.
718 709 822 762 corde
841 724 911 762 suo.
1117 708 1145 761 in
1164 708 1243 762 cotue
1261 724 1316 762 suo.

404 797 432 851 2.
451 797 511 853 Cor.
530 797 599 864 all.

321 883 412 938 αὐτῶν
430 884 529 952 δεήσει.
717 887 834 957 ipsorum
848 887 1089 941 obsecratione.
1118 887 1145 940 in
1164 889 1281 957 ipsorum
1300 887 1489 942 obsecratione.

442 975 491 1029 Tit.
510 977 561 1043 23.

319 1058 494 1133 ὑγιαίνοντας
523 1068 555 1138 τῇ
591 1069 689 1134 πίστει,
718 1066 774 1120 sani
789 1065 1089 1132 tide,dilcoticne,
1117 1067 1175 1120 sani
1192 1065 1489 1132 infideindilcctioue,

318 1154 349 1225 τῇ
368 1151 472 1226 ἀγάπῃ,
492 1156 524 1226 τῇ
551 1151 688 1227 ὑπομονῇ.
718 1155 902 1225 patientia.
1118 1155 1146 1207 in
1163 1155 1300 1225 patientia.

406 1244 487 1312 Apoc.
507 1245 593 1310 2214.

321 1334 365 1384 καὶ
398 1336 455 1392 τοῖς
484 1335 610 1385 πυλῶσιν
638 1335 691 1392 εἰς·
718 1336 746 1388 ct
763 1333 876 1403 portis
894 1335 1002 1388 intrent.
1119 1337 1147 1387 et
1164 1350 1212 1403 per
1230 1335 1319 1403 portas
1337 1333 1445 1387 intrent.

319 1423 444 1473 ἔλθωσιν.

408 1510 432 1564 2.
452 1509 511 1566 Cor.
531 1512 600 1578 4,17.

318 1602 355 1657 εἰς
373 1593 538 1672 ὑπερβολήν.
718 1603 745 1654 in
764 1602 1027 1658 sublimitatem.
1118 1603 1146 1654 in
1159 1601 1329 1656 sublimitate.

409 1689 432 1741 2.
453 1689 511 1745 Cor.
531 1690 600 1757 8,19.

318 1774 370 1830 σὺν
390 1779 422 1849 τῇ
436 1773 531 1852 χάριιι
549 1774 640 1851 ταύτῃ.
718 1781 745 1833 in
764 1781 825 1834 hac
843 1781 965 1850 gratia
1118 1780 1146 1833 in
1164 1780 1233 1834 hanc
1250 1780 1370 1848 gratiam.

418 1869 440 1920 1.
460 1868 519 1924 Cor.
540 1869 591 1936 6,8.
754 1871 913 1939 Fragmenta
931 1869 1049 1938 Italae1).

319 1959 365 2008 καὶ
384 1957 464 2010 τοῦτο
484 1954 629 2028 ἀδελφούς.
718 1962 746 2014 ct
763 1959 813 2014 boo
831 1961 969 2015 tratres.
1119 1961 1147 2013 et
1164 1960 1214 2013 boc
1231 1958 1368 2014 iratfibus.

411 2044 525 2116 Philipp.
546 2050 596 2114 1‚5.

318 2133 365 2186 tut
394 2136 427 2207 τῇ
454 2139 584 2204 κοινωνίᾳ
613 2132 692 2206 ὑμῶν
718 2155 799 2207 super
853 2138 1091 2193 communicatione
1118 2153 1199 2206 super
1253 2135 1491 2191 communicatione

318 2226 356 2281 stc
374 2222 404 2278 rb
424 2224 594 2296 εἰαμγέιιον.
719 2227 1090 2296 restrainevangelium.
1119 2230 1209 2281 vestra
1226 2227 1261 2280 in
1279 2226 1476 2295 evangelio.

402 2314 516 2384 Philipp.
538 2317 605 2381 1,11.

320 2405 532 2474 πεπληρωμένοι
582 2403 692 2475 καρπὸν
720 2406 814 2476 repleti
841 2408 989 2460 fructum
1015 2406 1091 2460 insti-
1119 2405 1214 2475 repleti
1232 2406 1322 2459 fructu
1341 2403 1465 2459 iustitiae.

318 2488 501 2559 δικαιοσύνης.
719 2496 779 2550 tiae.

419 2584 442 2636 l.
462 2583 521 2641 cor.
541 2585 592 2651 63.

319 2667 368 2724 τὸν
386 2667 493 2742 κόσμον
510 2675 661 2743 κρινοῦσιν.
719 2677 880 2729 mundum
899 2675 1060 2730 iudicabunt.
1119 2675 1212 2730 dehoc
1223 2673 1491 2728 mnndoiudicabnnt.

439 2764 495 2820 Gal.
515 2767 566 2832 6,6.
750 2765 828 2820 Nova
845 2767 925 2834 frgm.
944 2765 1065 2834 Μεθ’).

320 2847 334 2904 ὁ
359 2852 562 2924 κατηχούμενος
586 2852 634 2908 τὸν
721 2854 766 2925 qui
779 2854 939 2909 catacizatur
955 2854 1092 2908 verbum
1120 2855 1165 2923 qui
1184 2853 1362 2908 catechizatur
1379 2851 1469 2907 verbo.

319 2936 413 3012 λόγον.
721 2944 759 3014 (et
776 2944 805 2997 in
823 2945 855 2998 It
875 2943 1016 3013 Speculil).

420 3148 452 3228 b)
476 3147 556 3214 Italo
579 3170 789 3214 numerum
813 3149 1072 3213 substantivi
1096 3150 1146 3212 his
1168 3149 1247 3213 locis
1269 3146 1402 3212 retinet:

857 3307 958 3363 Itala
1227 3305 1386 3375 Vulgata.

432 3395 507 3449 Rom.
527 3397 578 3463 al.

321 3485 350 3534 cl
368 3484 509 3549 διαθῆκαι.
721 3488 941 3541 testamenta
1121 3485 1319 3539 testamentum.

403 3576 426 3627 1.
445 3575 505 3631 Cor.
527 3576 612 3641 12,10.

321 3659 496 3733 ἐνεργήματα
514 3659 670 3735 δυνάμεων.
721 3665 942 3734 operationes
957 3664 1092 3717 virbrtum.
1122 3663 1239 3734 operatio
1257 3662 1395 3716 virtutum.

414 3753 510 3823 Ephcs.
529 3755 599 3821 ulo.

322 3841 372 3909 τὴν
389 3846 503 3915 ἔχθραν.
721 3843 945 3898 inimicitiam
992 3844 1095 3914 (contra
1122 3840 1280 3897 inimicitias.

722 3934 829 3988 Fortun.
844 3950 866 3987 c.
882 3933 1034 4002 lbetirgm.
1044 3932 1094 4002 u).

423 4022 520 4091 Ephea.
540 4023 592 4089 2‚3.

322 4113 465 4171 ποιοῦντες
484 4107 517 4164 τὰ
542 4108 692 4185 θελήματα.
722 4112 851 4167 faciontes
870 4111 1080 4168 voluntates.
1122 4110 1251 4166 facientes
1270 4108 1442 4165 volontatem.

430 4309 450 4379 ¹)
471 4309 688 4378 ltalatragmente
715 4309 764 4363 der
794 4308 983 4363 Paulinischon
1012 4308 1104 4363 Briefe
1132 4309 1182 4362 otc.
1215 4308 1255 4361 ed.
1284 4304 1396 4375 Ziegler‚
1425 4303 1494 4358 llar-

322 4400 397 4468 burg’
418 4401 546 4557 lgqbieuc
558 4488 742 4542 Bruchstl'rolre
756 4489 804 4542 der
817 4488 968 4557 Freisurger
981 4489 1057 4554 Itala,
1072 4488 1112 4541 ed.
1124 4486 1258 4554 wulfun,
1270 4485 1406 4540 Miincben
1418 4484 1494 4539 1893.

430 4578 450 4649 Ι)
468 4579 544 4649 Speo.
562 4577 693 4634 XXXIV.
