3517 5175
832 323 1076 387 ...104-

873 498 1031 569 Vulgate.
1304 499 1405 555 Itala

474 591 548 645 Rom.
570 591 636 656 ll‚8.

368 671 424 733 ὦτα
443 683 491 733 τοῦ
508 677 546 750 μὴ
566 675 684 734 ἀκούειν.
767 694 845 732 aurae
861 680 892 731 ut
909 695 962 731 non
981 678 1096 733 audiant.
1252 719 1258 731 .
1284 695 1337 732 non
1369 679 1476 732 audiant
1506 681 1540 731 et

1166 785 1232 823 non
1252 767 1481 835 intellegant.

457 864 481 914 l.
501 860 559 915 Cor.
581 859 648 924 138.

367 951 399 1002 τὰ
417 949 456 1019 μὴ
476 942 550 1001 ὄντα.
568 951 622 1000 ἵνα.
767 963 835 1014 quae
854 963 905 1000 non
925 955 995 1004 sunt.
1014 950 1052 1001 ut.
1167 963 1234 1016 quae
1266 963 1320 1000 noo
1351 955 1421 1013 suot,
1453 949 1539 1000 tam·

1167 1052 1264 1104 quam
1283 1052 1370 1106 quae
1389 1036 1539 1105 sint(vid.

392 1184 394 1186 ¹
1167 1125 1242 1180 Rom.
1261 1126 1341 1194 4‚17).

492 1216 547 1272 Col.
567 1217 618 1280 3,8.

367 1305 536 1359 ἀπόθεσθε.
561 1342 568 1355 .
594 1341 600 1354 .
626 1309 740 1377 atexno-
766 1303 890 1372 deponite
918 1344 924 1356 .
957 1347 962 1357 .
996 1346 1003 1359 .
1035 1307 1139 1373 turpem
1350 1308 1455 1374 turpem
1483 1321 1540 1358 ser-

367 1397 466 1463 loylor
483 1394 514 1446 tx
533 1397 582 1447 τοῦ
606 1393 740 1464 στόματος
767 1408 916 1447 sermonem
934 1394 967 1446 de
981 1409 1027 1446 ore
1041 1402 1138 1447 rostro.
1168 1410 1272 1447 monem
1291 1394 1324 1447 de
1338 1411 1384 1448 ore
1398 1397 1487 1448 vestm
1501 1411 1541 1448 ne

368 1479 456 1551 ὑμῶν.
1168 1483 1377 1538 eniiseritio

451 1572 658 1640 1.cor.12,25.

368 1659 398 1712 τὸ
418 1659 484 1715 αὐτὸ
505 1700 511 1713 .
532 1700 538 1713 .
557 1664 739 1733 aspipedem.
768 1660 793 1713 id
821 1661 907 1729 ipsum
932 1701 938 1714 .
963 1704 969 1714 .
994 1704 999 1714 .
1028 1660 1141 1715 sollicita
1167 1661 1201 1714 in
1229 1662 1254 1714 id
1284 1663 1369 1731 ipsum
1399 1701 1404 1714 .
1434 1705 1441 1717 .
1468 1661 1541 1714 solli·

767 1749 828 1804 sint.
1168 1750 1219 1804 cita
1237 1751 1299 1805 aiot.

448 1841 471 1893 1.
490 1840 579 1895 Theos.
599 1841 668 1905 4‚15.

367 1925 430 1988 τοὺς
447 1935 636 2000 κοιμηθέντας.
768 1945 822 1994 eoo,
841 1928 886 1998 qui
904 1928 1076 1983 dormierunt.
1168 1969 1174 1981 .
1195 1972 1201 1983 .
1222 1972 1227 1983 .
1251 1929 1296 1998 qui
1320 1934 1401 1983 ante
1426 1930 1542 1983 dornrie·

1167 2022 1238 2073 runt.

472 2107 534 2162 Luc.
552 2108 636 2172 1639.

367 2197 479 2266 ἔχουσιν
495 2201 629 2250 alneolo.
767 2196 867 2250 habent
887 2196 1004 2265 Moysen.
1168 2197 1268 2251 habent
1286 2197 1336 2251 ibi
1354 2198 1474 2266 Moysen.

464 2288 489 2341 2.
509 2286 567 2342 Cor.
587 2287 638 2352 83.

368 2375 398 2427 ἓν
417 2378 501 2426 παντὶ
519 2370 699 2448 περισσεύετε.
767 2374 794 2427 in
813 2375 936 2428 omnibus
955 2374 1101 2429 abundatis.
1168 2391 1307 2443 semper
1349 2377 1375 2429 io
1420 2376 1543 2431 omnibus

1168 2465 1315 2519 abundatio.

480 2553 627 2619 Joh.1‚1e.

368 2641 534 2702 θεὸνούδεὶς
547 2641 669 2714 ἑώρακεν
680 2641 740 2696 πώ·
767 2643 853 2696 Deum
887 2660 965 2696 nemo
994 2643 1061 2697 tidit
1091 2661 1140 2697 un·
1168 2644 1247 2697 doum
1276 2660 1354 2698 nomo
1386 2645 1453 2698 tidit
1483 2662 1541 2698 um-

368 2749 449 2784 ποτε·
470 2726 484 2783 ὁ
507 2728 661 2801 μονογενὴς
684 2732 740 2790 olor
767 2748 860 2801 quam3
889 2732 1040 2801 unigenitus
1059 2732 1141 2787 Filius
1169 2750 1248 2802 quam
1266 2733 1340 2787 nisi
1361 2734 1454 2787 unicus
1468 2734 1542 2788 iilius

367 2858 402 2873 ..
423 2857 430 2871 .
450 2816 606 2890 ἐξηγήσαιο.
769 2864 774 2875 .
795 2863 800 2875 ,
821 2865 826 2875 .
845 2822 902 2890 ipae
923 2822 1064 2876 enarravit.
1169 2862 1175 2873 .
1197 2866 1202 2876 .
1223 2866 1228 2876 .
1247 2821 1293 2875 ille
1311 2823 1485 2877 adnuntiavit.

470 2910 529 2963 Joh.
553 2911 636 2975 loeo.

367 3004 503 3070 θαρσεῖιε,
527 2995 581 3067 ἐγώ
601 3004 737 3068 νενίκηκα.
767 3000 902 3067 confidite,
922 3000 1048 3069 agerici.
1168 3001 1288 3070 gaudeto,
1315 3002 1397 3070 quia
1415 3018 1463 3071 ego
1481 3001 1541 3056 rici.

666 3301 713 3372 ΙΙ.
739 3302 894 3374 Vocet
918 3304 1236 3390 compositae.

875 3482 1034 3551 Vulgata.
1304 3483 1405 3537 Italo.

480 3573 543 3626 Luc.
563 3573 631 3639 11,8.

367 3656 413 3714 laci
430 3679 462 3731 γε
482 3659 532 3727 τὴν
549 3661 702 3714 ἀναίδειαν.
770 3660 1141 3729 proptcrimprobitatom.
1170 3664 1278 3730 propter
1295 3661 1521 3731 inportunitatem.

461 3750 558 3819 Ephes,
577 3751 646 3816 4‚14.

367 3837 436 3912 πρὸς
460 3837 510 3905 τὴν
532 3839 671 3908 μεθοδίαν
694 3841 741 3906 τῆς
770 3839 801 3892 ed
825 3839 1141 3894 circumventionem
1170 3840 1201 3893 ad
1222 3839 1442 3894 machinationem
1468 3856 1541 3893 erro-

369 3924 480 3995 πλάνης.
769 3928 874 3981 errorie.
1170 3929 1214 3984 rio.

475 4018 537 4073 Luo.
558 4018 626 4085 626.

369 4111 425 4166 τοῖς
444 4104 695 4178 ψευδοπροᾳήταις.
769 4106 1101 4175 pseudoprophetis.
1169 4107 1311 4177 prophetie.

458 4197 483 4249 2.
503 4194 562 4251 Cor.
583 4196 649 4261 128.

368 4284 604 4357 ἵναᾶποσιῇᾶνί
625 4285 703 4353 ἐμοῦ.
769 4284 1126 4339 utdiscederetame.
1168 4287 1199 4338 ut
1226 4286 1345 4339 auferret
1369 4302 1429 4339 eum
1454 4302 1469 4338 a
1497 4301 1540 4339 me

1168 4374 1270 4443 (contra
1316 4375 1405 4430 Faust
1452 4375 1540 4443 2220.

1169 4467 1260 4517 contra
1296 4463 1375 4518 l'elio.
1411 4465 1472 4528 2,2;
1510 4466 1541 4516 ut

1168 4553 1333 4624 discederet).
