3517 5175
862 357 1082 421 ..28-

921 532 1024 588 Ilala
1294 531 1453 602 Vulgata.

477 622 502 675 2.
521 621 580 677 Cor.
600 623 669 689 5‚10.

387 711 433 762 ἵνα
467 714 613 783 κομίσηται
648 712 762 771 ἕκαστος
788 710 883 781 recipit
894 710 1006 781 quisque
1015 712 1160 765 seeundum
1188 715 1219 765 ut
1249 712 1351 766 referat
1380 712 1563 782 unusquisque

387 795 421 851 τὰ
431 797 478 853 διὰ
492 802 541 853 τοῦ
553 796 681 870 σώματος
691 798 760 871 πρὸς
789 817 828 866 aa,
854 817 922 870 quaa
948 816 1009 871 par
1035 817 1161 871 corpus
1189 801 1295 871 propria
1326 800 1451 871 samoris,
1483 803 1564 871 prout

389 882 406 941 ἃ
424 888 551 961 ἔπραξεν.
788 889 878 958 gessit.
1188 889 1278 960 gessii

479 978 502 1031 1.
522 977 580 1033 Cor.
602 977 671 1046 10‚i.

389 1063 760 1134 θιὰιῆςθαλάσσηςδιῆλθον.
789 1084 850 1139 per
867 1084 941 1122 mare
960 1068 1131 1123 transierum.
1189 1086 1262 1123 mara
1281 1067 1452 1124 transierunt.

479 1155 670 1219 i.cor.12‚3.

388 1240 441 1298 διό.
789 1247 1048 1317 propterquod.
1189 1247 1257 1303 idao.

488 1336 511 1389 1.
531 1333 591 1392 cor.
610 1335 662 1401 3,5.
868 1336 973 1405 Fragm.
992 1336 1084 1391 Italas.

389 1423 418 1474 di
436 1410 476 1477 ὧν
493 1418 679 1478 ἐπιστεύσατε.
790 1441 850 1496 par
868 1441 952 1496 quos
970 1424 1126 1480 credidistis.
1190 1426 1256 1493 aius,
1275 1425 1317 1480 cui
1336 1425 1491 1480 credidistis.

478 1515 503 1567 2.
524 1514 583 1570 Cor.
603 1516 672 1582 4‚13.

390 1601 459 1656 κατὰ
477 1602 508 1659 ad
526 1607 732 1675 γεγραμμένον.
789 1605 981 1658 seeundum
997 1605 1065 1674 quod
1080 1604 1162 1674 scrip-
1190 1604 1258 1658 sicul
1276 1605 1403 1675 scripmm
1422 1607 1471 1659 ast.

790 1697 847 1747 tum
866 1696 915 1748 ast.

487 1785 512 1837 2.
531 1782 591 1839 dor.
610 1784 662 1847 8‚8.

390 1871 445 1926 κατ’
467 1866 607 1942 ἐπιταγήν.
790 1873 980 1926 secundum
1017 1827 1266 1969 impari-'quasi
1285 1872 1426 1942 imperans.

790 1978 851 2016 um.

472 2051 496 2106 2.
516 2051 575 2107 Cor.
596 2051 681 2114 1219.

391 2135 461 2212 ὑπὲρ
497 2141 543 2206 τῆς
574 2134 653 2209 ὑμῶν
688 2143 764 2194 οἰκο-
792 2143 957 2210 proiastra
971 2138 1162 2194 aedificatione.
1192 2143 1299 2209 propter
1326 2143 1441 2194 vestram
1470 2138 1564 2193 aedili-

391 2227 487 2296 δομῆς.
1191 2230 1330 2283 sationem.

391 2389 420 2468 a)
453 2390 793 2476 Praepositisnas
826 2411 915 2457 cum
944 2391 1156 2475 genetivo,
1188 2392 1348 2474 dativo,
1380 2391 1564 2455 ablativo

573 2501 840 2566 coniunctas:
864 2494 954 2574 ἐπί,
978 2492 1101 2579 μετά,
1126 2494 1243 2584 περί,
1269 2492 1387 2582 πρός.

835 2623 904 2678 Itala
922 2626 949 2678 et
966 2623 1061 2692 fragm.
1082 2623 1114 2677 It.
1299 2622 1458 2691 Vulgata.

488 2712 511 2765 1.
531 2711 589 2767 eor.
610 2716 660 2780 7‚5.

392 2798 439 2852 ἐπὶ
458 2798 489 2854 ui
509 2797 576 2853 adad
596 2791 650 2868 ἦτε.
792 2803 830 2857 ad
853 2803 886 2856 id
909 2802 1020 2872 ipsum
1039 2803 1164 2855 estote.
1193 2799 1358 2856 revertimini
1375 2799 1404 2853 in
1422 2799 1448 2854 id
1468 2798 1565 2870 ipsum.

493 2890 664 2957 1.00r.6‚7.

393 2981 512 3048 κρίματα
530 2979 604 3049 ἔχετε
620 2977 683 3049 μεθ’
699 2980 763 3034 lav·
791 2981 889 3035 iudicia
914 2980 1018 3035 habetis
1045 2979 1164 3034 vobis·
1194 3022 1306 3035 .....
1325 2978 1468 3033 intervos

393 3068 457 3119 τῶν·
792 3087 875 3125 eum.

482 3158 508 3212 2.
525 3157 590 3212 Tim.
610 3158 672 3224 als
941 3158 1018 3213 Itala.

394 3248 458 3317 περὶ
472 3244 522 3313 τὴν
535 3239 671 3313 ἀλήθειαν
683 3241 766 3312 ἠσιό-
793 3250 889 3303 cirea
906 3248 1100 3303 veritatem
1119 3248 1164 3302 ab·
1193 3264 1209 3302 a
1227 3247 1340 3302 imitata
1358 3244 1522 3301 exciderunt.

390 3349 489 3403 χησαν.
793 3342 958 3393 erraverunt.

508 3424 564 3480 Gal.
583 3427 653 3491 5,13.
882 3427 951 3482 Itala
967 3426 1081 3497 Speculi.

394 3511 436 3564 ἐπ’
461 3512 603 3586 ἐλευθερίᾳ
626 3509 763 3581 ἐκλήθητε.
793 3517 827 3570 in
869 3516 1044 3571 libertate
1080 3514 1166 3569 vocati
1194 3514 1221 3568 in
1239 3513 1389 3570 libertatem
1408 3515 1458 3567 ata.

795 3607 867 3661 sads.

486 3694 508 3745 1.
528 3692 587 3749 Cor.
607 3695 676 3760 736.

395 3777 563 3851 ἀσχημονεῖν
621 3782 668 3835 ἐπὶ
718 3782 768 3850 τὴν
794 3788 898 3855 turpem
917 3799 947 3838 ss
961 3782 1045 3838 videri
1059 3798 1168 3852 super
1196 3823 1307 3836 .....
1326 3797 1408 3850 supar
1426 3778 1535 3850 virgine.

394 3874 544 3939 παρθένον.
794 3874 933 3943 virginem.

494 3964 518 4014 1.
537 3961 596 4018 Cor.
616 3963 667 4030 23.
874 3962 978 4031 Fragm.
997 3960 1089 4017 Italas.

396 4047 530 4119 ἐγενόμην
548 4051 618 4125 πρὸς
634 4049 714 4125 ὑμᾶς.
794 4053 835 4107 fui
853 4052 893 4108 ad
913 4068 980 4106 vos.
1194 4049 1235 4104 lui
1253 4049 1322 4120 apud
1341 4065 1396 4103 vos.

484 4140 676 4210 2.cor.1,18.

396 4225 411 4284 d
439 4224 519 4300 λόγος
546 4225 628 4298 ἡμῶν
655 4227 669 4284 ὁ
698 4229 768 4302 πρὸς
795 4247 883 4286 sermo
913 4232 1011 4289 noster.
1046 4228 1091 4299 qui
1125 4228 1167 4284 ad
1196 4229 1346 4297 ....qui
1361 4226 1414 4281 fuit
1427 4225 1494 4297 apud
1510 4240 1566 4280 vos.

397 4313 475 4390 ὑμᾶς.
795 4336 859 4375 vos.

486 4410 510 4465 2.
530 4410 589 4466 Cor.
610 4412 678 4479 13,7.

397 4493 536 4569 εὐχόμεθα
567 4501 598 4554 δὲ
626 4500 695 4572 πρὸς
721 4498 769 4555 τὸν
796 4515 902 4554 oramus
915 4502 1003 4553 autem
1023 4497 1059 4551 ad
1079 4498 1166 4550 deum.
1195 4512 1301 4551 oramus
1318 4496 1407 4550 auiam
1425 4494 1512 4548 deum.

396 4581 472 4641 θεόν.
