3517 5175
730 365 952 428 ...45-

367 542 445 609 Luc.
470 544 542 626 6,40
566 540 823 632 κατηρτισμένος
845 539 884 610 δὲ
906 545 975 622 πᾶς
998 538 1091 610 ἔσται
1116 536 1161 622 ὡς
1179 533 1198 605 ὁ
1218 538 1426 620 διδάσκαλος,

256 650 295 714 It
318 652 478 735 perfectus
501 655 607 716 autern
630 651 734 714 omnis
758 652 817 715 erit
839 652 924 716 sicut
946 652 1096 735 magister
1119 652 1197 733 eius,
1220 649 1307 732 Vulg
1308 699 1426 714 .....

257 760 292 822 si
314 760 368 823 sit
390 760 474 824 siem
497 764 570 838 etc.;

370 867 398 930 1.
421 864 503 931 Patr.
528 867 601 948 als
626 861 657 931 οί
681 858 816 940 οἰκέται.
845 856 1114 947 ὑποτασσόμενοι
1136 857 1171 928 ἐν
1194 859 1294 928 παντί
1317 858 1424 951 φόβῳ,

256 972 295 1037 It.
326 973 419 1056 servi,
451 973 570 1037 subditi
603 992 677 1037 cum
710 972 798 1037 omni
830 973 954 1055 timore,
977 971 1070 1055 Vulg.
1099 971 1342 1037 ....subditi
1365 989 1427 1035 es·

257 1084 344 1146 tote
367 1085 426 1146 eto.

367 1205 458 1270 Rom.
483 1206 577 1286 14,19
598 1200 640 1271 τὰ
663 1207 721 1292 τῆς
743 1199 873 1295 εἰρήνης
896 1199 1059 1287 διώκομεν
1081 1202 1137 1270 καί
1159 1202 1278 1293 τὸτῆς
1296 1200 1428 1270 sinodo-

255 1315 320 1400 μής
342 1315 401 1400 τῆς
425 1307 471 1390 εἷς
494 1303 668 1397 ἀλλήλους,
701 1312 737 1375 lt.
770 1333 852 1395 quae
875 1314 964 1396 pacis
987 1316 1070 1395 sunt,
1100 1317 1267 1395 sectemur,
1291 1316 1427 1394 atquae

257 1419 491 1485 aedificationis
514 1420 644 1482 suntin
667 1420 817 1502 invicem,
840 1420 929 1502 Vulg
930 1469 1060 1484 .....
1084 1440 1165 1503 quae
1195 1419 1429 1485 aedificationis

257 1528 387 1590 suntin
411 1528 549 1591 invicem
574 1526 873 1607 custodiamus3
1342 1573 1346 1580 -

369 1637 397 1699 2.
414 1632 484 1698 Gor.
501 1634 551 1717 9,6
571 1635 671 1698 reiro
689 1632 735 1707 δὲ,
754 1634 792 1698 It.
807 1637 869 1700 hoc
885 1640 1001 1717 autem,
1017 1634 1111 1717 Vulg.
1127 1634 1188 1700 hoc
1203 1638 1310 1700 autem
1327 1634 1428 1698 dico.

371 1743 398 1805 l.
431 1740 501 1806 Cor.
537 1742 630 1820 lat-36
664 1734 704 1806 οὐ
736 1740 952 1822 ζωοποιεῖται
981 1738 1039 1807 ἐὰν
1060 1738 1106 1830 μή
1131 1733 1303 1827 ἀποθάνῃ,
1327 1741 1365 1805 It
1389 1790 1427 1805 ..

256 1849 319 1911 nisi
342 1849 505 1932 moriatur,
527 1847 623 1931 Vulg.
647 1899 654 1912 .
678 1899 684 1912 .
707 1849 770 1912 nisi
793 1849 910 1930 prius
934 1850 1093 1913 moriatur.

366 1971 586 2037 Dubitandum
610 1979 658 2039 est
682 1973 721 2038 de
746 1976 773 2037 1.
795 1974 873 2037 Tim.
899 1974 949 2055 6,9
981 1969 1205 2054 ἐμπίπτουσιν
1235 1967 1281 2050 είς
1310 1995 1429 2057 πειρα-

257 2103 340 2163 σμον
362 2079 417 2146 καί
441 2078 575 2169 παγίδα,
597 2081 633 2145 It
658 2089 690 2146 et
706 2081 818 2164 fragm.
842 2080 897 2144 lt:
922 2080 1070 2145 incidunt
1086 2081 1121 2143 in
1140 2080 1378 2162 temptationem
1398 2083 1430 2143 et

256 2187 416 2269 laqueum,
441 2186 534 2272 vulg.
566 2190 601 2251 in
632 2190 838 2253 tentationem
871 2189 958 2253 etin
982 2188 1131 2269 laqueum
1157 2186 1331 2267 diaboli,
1354 2205 1429 2251 cum

256 2315 321 2358 vox
356 2295 474 2359 diaboli
510 2295 612 2360 codici
647 2296 803 2379 Vulgatae
837 2296 1001 2359 Amiatino
1037 2294 1126 2376 desit,
1163 2299 1198 2358 ut
1228 2292 1429 2377 interpolatio

257 2403 441 2486 posterioris
465 2404 577 2467 aetatis
600 2402 747 2467 rideatur
769 2422 848 2467 esse.

367 2527 440 2592 Jaru
464 2528 493 2593 ei
516 2527 579 2592 loci
602 2528 759 2593 afferendi
783 2532 867 2611 sunt,
900 2526 1016 2610 quibus
1038 2526 1258 2611 interpretatio
1282 2528 1374 2592 vetus
1398 2529 1430 2591 et

257 2654 370 2700 recens
393 2636 495 2718 magis
519 2635 679 2718 differunt,
710 2635 790 2699 Itala
818 2640 925 2700 tamen
951 2636 1072 2699 maiore
1103 2634 1273 2699 tenacitate
1302 2639 1427 2699 textum

257 2741 415 2807 Graecum
448 2748 612 2825 sequente.
669 2742 769 2807 Cuius
801 2742 932 2826 quidem
964 2742 1165 2807 differentiae
1199 2741 1280 2807 hacc
1315 2740 1428 2824 collegi

257 2848 420 2933 exempla3

345 2955 421 3021 Luc.
447 2957 538 3019 1231
567 2954 690 3042 ζητεῖτε
714 2952 772 3044 τήν
794 2953 970 3040 βασιλείαν
991 2958 1052 3023 τοῦ
1080 2955 1166 3021 θεοῦ
1194 2955 1428 3037 (Τίεοίιεοιίοῐῖτ

257 3054 379 3145 αὐτοῦ),
403 3063 440 3127 It
464 3064 607 3145 quaerite
630 3082 764 3147 ragnum
790 3064 851 3146 dei,
875 3063 969 3147 Vulg.
993 3064 1136 3146 quaerite
1159 3064 1337 3146 primurn
1360 3082 1430 3147 reg·

257 3187 334 3231 nurn
358 3168 432 3235 Dei
456 3174 494 3235 et
515 3170 728 3235 iustitiam
752 3172 855 3251 eius3

367 3276 457 3341 Rom.
491 3278 542 3359 5,8
578 3269 627 3340 ἔτι
659 3270 864 3365 ἁμαρτωλῶν
896 3270 998 3342 ίίντων
1028 3269 1128 3363 ήμῶν,
1160 3275 1198 3339 It
1226 3295 1299 3340 oum
1324 3276 1429 3344 adhuc

256 3387 439 3468 peccatores
462 3403 613 3467 essemus,
636 3383 730 3467 Vulg.
754 3433 761 3446 .
785 3414 792 3429 ·
818 3433 824 3447 .
848 3403 990 3448 essemus
1008 3382 1236 3448 secundum
1254 3388 1428 3467 tempus3

369 3494 397 3555 2.
428 3490 497 3555 Cor.
530 3492 601 3573 11,3
633 3493 754 3578 φθαρῇ
783 3489 824 3556 τὰ
856 3486 1005 3576 νοήματα
1034 3481 1125 3571 ήμῶν
1149 3481 1218 3554 υίπίν
1241 3490 1300 3577 τῆς
1323 3482 1429 3555 ἁπλό-

257 3620 364 3684 τητος,
385 3598 422 3662 It.
446 3602 479 3664 et
500 3598 611 3681 fragm.
634 3598 671 3663 It
691 3602 935 3681 corrumpantur
954 3603 1078 3662 mentes
1097 3601 1222 3661 vestrae
1241 3617 1260 3660 a
1278 3597 1430 3680 castitate,

260 3704 351 3789 Vulg.
375 3710 621 3788 corrumpantur
643 3725 755 3770 sensus
778 3705 875 3770 vestri
894 3709 932 3768 et
950 3704 1153 3769 excidant
1171 3724 1190 3767 a
1207 3703 1426 3786 simplicitat03

369 3815 398 3876 2.
436 3813 506 3876 Cor.
547 3812 641 3894 laad
678 3805 799 3899 μήπως
836 3809 915 3898 ἔρις,
957 3807 1064 3896 ζῆλος,
1110 3804 1226 3892 θυμοί,
1271 3807 1427 3897 ἕριθεῖαι,

258 3913 466 3991 καταλαλιαί,
501 3914 719 4006 ψιθυρισμοί,
751 3914 942 4004 φυσιώσεις,
974 3908 1228 3989 ἀκαταστασίαι,
1258 3916 1369 3997 fragm.
1391 3914 1429 3978 lt

260 4024 405 4089 neforto
430 4026 661 4106 contentiones
692 4024 931 4106 aemulationes,
959 4024 1183 4105 animositates
1207 4022 1430 4105 dissensiones

259 4128 479 4217 detractiones,
503 4133 744 4215 susurrationes,
766 4132 957 4212 inflationes,
981 4130 1162 4213 seditiones,
1186 4130 1303 4213 quibus
1325 4129 1430 4195 verbis

258 4235 477 4322 Hieronymus
503 4242 609 4305 »sint
630 4242 741 4304 inter
763 4259 860 4304 vos«
887 4238 1012 4303 adiecit

370 4364 437 4429 Gal.
476 4367 528 4448 3,6
566 4361 682 4441 καθὼς
715 4356 867 4452 Ἀβραὰμ
907 4359 1099 4428 ἐπίστευσεν
1136 4363 1183 4449 τῷ
1220 4364 1302 4446 θεῷ,
1338 4360 1431 4426 Nova

258 4469 369 4553 fragm.
392 4472 429 4537 It
453 4474 536 4537 sicut
558 4472 721 4537 Abraham
744 4471 880 4537 credidit
910 4470 978 4551 deo,
1002 4468 1095 4551 Vulg.
1124 4469 1208 4534 sicut
1230 4470 1430 4552 scripturn

260 4582 337 4642 est:
365 4579 547 4645 »Abraham
571 4584 648 4645 etc«
