3517 5175
691 397 910 461 ..41-

667 573 762 630 Itale
779 573 932 645 Speculi.
1122 572 1277 643 Vulgata„

295 663 351 718 Gal.
372 665 503 727 5,22.·23‚

216 750 318 822 ἀγάπη,
358 751 443 823 χαρά,
486 748 586 826 tipice,
599 779 602 794 ι
615 752 719 817 ceritas,
755 753 889 822 goudium,
927 769 986 823 pax,
1015 752 1118 818 caritas,
1156 750 1289 821 goudium,
1326 768 1385 822 pnx,

213 845 405 912 μακροθυμία,
429 837 586 914 χρηστότης,
615 842 879 911 longanimitas,
894 842 986 896 boni·
1016 842 1149 912 patientia,
1168 840 1326 910 benignitas,
1342 841 1386 895 bo·

216 926 394 999 ἀγαθωσύνη,
403 934 501 996 πίστις,
514 949 587 1001 πρα-
615 933 682 998 tas,
739 931 986 1001 benignitas1),
1015 929 1298 1000 nituslongunimites,
1310 946 1385 984 mun-

215 1013 286 1087 ΰτης,
307 1017 460 1093 ἐγκράτεια.
615 1019 724 1086 fides,
774 1020 986 1090 modestiab,
1014 1021 1134 1088 suetudo,
1153 1020 1230 1086 fides,¹
1249 1020 1385 1087 modestia,

615 1108 784 1163 continentis.
1015 1109 1185 1177 continentia,
1204 1109 1319 1163 custitns.

311 1216 336 1270 2.
355 1216 419 1271 Tim.
439 1218 491 1284 nn.

214 1300 326 1357 σύνεσιν
343 1304 375 1358 tr
392 1307 485 1358 πᾶσιν.
614 1306 843 1362 intellectum
862 1305 896 1359 in
915 1323 986 1360 om·
1014 1304 1043 1358 in
1061 1304 1183 1360 omuibus
1200 1303 1374 1359 intellectum.

465 1455 470 1464 ⁸
615 1396 727 1451 nibus.

301 1500 325 1555 2,
343 1501 408 1556 iim.
427 1504 496 1569 3,12.

216 1593 244 1645 ct
272 1593 399 1651 θέλοντες
429 1592 476 1655 ζῆν
511 1592 588 1650 εὐαε-
615 1593 672 1663 qui
698 1592 824 1648 volunt
849 1593 904 1664 pie
935 1594 987 1647 vi·
1016 1592 1060 1662 qui
1080 1592 1121 1662 pie
1139 1590 1233 1646 uolunt
1250 1590 1349 1645 vivere.

214 1680 279 1746 βὼς.
614 1699 709 1737 vere.

327 1784 409 1842 Hebr.
429 1790 480 1856 7,4.
669 1790 701 1843 de
721 1790 818 1845 Genesi
836 1791 868 1844 ud
888 1789 938 1844 litt.

215 1861 303 1943 ᾧκαὶ
326 1871 445 1943 δεκάτην
465 1876 588 1952 Ἀβραὰμ
616 1880 657 1933 cui
677 1889 705 1934 et
722 1879 889 1933 decimam
910 1894 987 1948 pur·
1016 1878 1058 1932 cui
1077 1880 1104 1931 et
1121 1876 1237 1931 decimas
1259 1876 1333 1933 dedit
1353 1876 1387 1930 de

215 1961 320 2017 ἔδωκεν
338 1963 369 2016 ἐκ
391 1967 449 2018 τῶν
473 1965 589 2038 duputa—
616 1971 683 2022 tem
703 1968 836 2022 Abraham
855 1967 929 2021 dedit
950 1968 988 2021 de
1016 1966 1162 2037 praecipuis
1184 1965 1317 2021 Abraham
1341 1982 1386 2036 pu·

216 2053 285 2105 νίων
302 2048 317 2107 ὁ
337 2053 512 2128 πατριάρχης.
617 2057 786 2127 primitiis
805 2057 961 2127 miriarcha„
1015 2056 1138 2110 tnarchu

328 2216 427 2282 Cuius
472 2219 664 2284 diversitatis
710 2240 821 2285 causas
866 2221 921 2303 qui
968 2222 1135 2302 quaerunt,
1180 2219 1387 2283 meminerint

216 2320 450 2406 Hieronymum
481 2325 645 2390 Lutiuituti
676 2328 813 2410 optimus
843 2332 875 2392 et
904 2326 1021 2411 probae
1056 2326 1216 2391 studuisse
1230 2326 1263 2408 ³),
1297 2344 1387 2409 prue-

216 2431 302 2493 terea
334 2431 496 2496 interdum
533 2453 575 2498 ex
604 2432 758 2497 librorum
788 2453 860 2498 mss
892 2435 1044 2499 varietus
1077 2453 1147 2499 eam
1177 2438 1277 2497 ortum
1308 2451 1387 2514 esse,

217 2536 311 2601 cuius
328 2539 409 2604 heco
432 2539 627 2625 deprehendi
651 2541 815 2626 exempla:

750 2717 850 2773 Itala.
1122 2716 1281 2787 Vulgato.

324 2803 388 2860 Luc.
407 2805 476 2873 sut.

217 2893 422 2960 praetervertit
445 2897 492 2946 καὶ
514 2891 591 2964 ἡμεῖς
618 2897 645 2950 et
662 2912 711 2950 nos
728 2897 791 2967 quid
810 2896 959 2952 iaciemus?

217 2980 247 3031 τί
262 2976 436 3053 notionum
459 3000 526 3053 quae
550 2986 590 3038 est

216 3068 295 3124 lectio
319 3071 472 3125 editionum·
485 3071 589 3126 Elzevi·

216 3157 308 3213 n'unse
348 3162 376 3213 et
415 3159 590 3230 Stephunicue

216 3247 321 3316 tertius,
340 3248 406 3303 haec
424 3265 528 3319 quoque
543 3267 589 3304 ex·

215 3339 304 3392 stuta
326 3338 524 3393 Tischeudortio
547 3357 589 3394 cc-

216 3428 305 3496 ceptu:
325 3429 354 3479 τί
366 3422 527 3499 ποιήσωμεν
544 3432 591 3482 καὶ
1016 3431 1084 3498 Quid
1102 3429 1232 3484 faciemus
1250 3431 1278 3482 et
1295 3430 1363 3483 nos?

216 3510 310 3588 ipen,-

307 3625 330 3678 1.
351 3624 410 3681 Cor,
432 3626 500 3693 1,30.

215 3715 324 3782 praeter
354 3713 471 3784 ἐγενήθη
503 3718 589 3785 σοφία
617 3717 704 3771 factus
714 3718 756 3771 est
764 3715 895 3785 sapientis
904 3714 987 3769 nobie.

216 3798 285 3871 ἡμῖν
296 3802 325 3855 in
337 3803 421 3857 isdem
432 3804 590 3859 editionibus

215 3891 283 3945 haec
307 3890 446 3961 leguntur:
472 3889 590 3963 ἐγενήθη
1016 3892 1239 3949 fuctusestnobis
1249 3891 1386 3961 sapientie

214 3977 286 4052 ἡμῖν
303 3986 398 4050 σοφία.

324 4198 345 4267 ¹)
363 4198 396 4251 de
415 4198 480 4251 Gen.
499 4197 531 4251 ed
551 4196 600 4251 titt.
622 4197 713 4263 1234:
733 4195 891 4266 benignitus,
911 4196 1021 4251 bonitas.

326 4322 347 4392 ¹)
365 4323 398 4376 de
417 4323 482 4376 Gen.
503 4323 544 4376 sd.
565 4321 615 4377 litt.
642 4322 715 4376 edd:
736 4322 919 4388 mansuetudo,
942 4338 1010 4391 quoe
1032 4322 1146 4391 primum
1160 4321 1247 4391 glossa
1260 4322 1344 4376 fuisse
1358 4324 1387 4376 et

215 4410 312 4466 deinde
324 4412 352 4465 in
364 4413 468 4466 textum
480 4412 618 4481 irrepsisse
631 4412 743 4479 videtur,
756 4412 825 4465 sicut
838 4413 866 4465 et
882 4411 1038 4481 »patientia«
1053 4414 1080 4465 et
1095 4411 1231 4466 »castitas«
1247 4410 1385 4481 Vulgatue.

325 4537 441 4607 ⁸)Neue
472 4536 656 4591 Bruehstiicke
684 4540 734 4592 etc.
761 4553 818 4607 pag.
853 4537 886 4605 23
918 4535 1089 4590 Thielemunn
1118 4535 1146 4589 in
1176 4535 1312 4605 Philologo
1341 4537 1385 4605 42,

214 4642 276 4698 pag.
296 4628 357 4682 334.
