3517 5175
747 366 967 430 ..11-

808 540 908 596 Itala
1178 540 1335 609 Vulgata.

361 633 418 684 Aet.
437 647 478 700 ap.
498 631 549 696 2,1.

272 720 303 771 ἐν
334 718 372 786 roi
410 721 643 790 συμπληροῦσθαι
670 719 697 770 in
741 718 785 772 illo
821 721 950 789 tempore,
992 737 1043 790 quc
1071 736 1151 788 quum
1172 719 1369 788 complerentur
1387 720 1444 773 dies

272 808 322 876 τὴν
343 805 449 879 ἡμέραν
473 808 520 872 τῆς
544 823 642 859 ιιενιε-
669 807 854 877 subpletae
882 812 940 862 eet
968 809 1043 864 diee
1072 809 1251 864 Pentecosten.

271 899 376 959 κοστῆς.
669 899 844 966 pentecostae.

376 985 541 1052 Βοω.14,2.

271 1074 378 1146 λάχανα
397 1074 492 1128 ἐσθίει.
669 1075 792 1130 holera
810 1081 953 1132 manducet
970 1089 1042 1148 (οοο-
1071 1075 1129 1130 olus
1147 1078 1298 1133 manducet

669 1167 712 1219 tra
753 1166 838 1219 adim.
880 1185 902 1220 c.
947 1169 980 1221 14
1016 1171 1044 1222 et

669 1253 744 1323 Spec.
763 1255 866 1325 XXX).

369 1345 450 1412 Apoc.
470 1343 539 1410 20,4.

270 1433 316 1486 tul
335 1432 365 1487 ιὸ
382 1436 514 1503 μέτωπον
533 1436 579 1486 καὶ
596 1435 642 1487 inl
669 1433 696 1485 in
715 1434 832 1488 fronte
846 1438 893 1488 aut
907 1434 933 1487 in
949 1451 1042 1490 manu
1070 1434 1098 1486 in
1112 1435 1245 1489 frontibus
1258 1439 1305 1490 aut
1316 1437 1343 1490 in
1358 1437 1442 1491 mani-

270 1519 319 1589 την
334 1526 415 1591 χεῖρα
434 1520 533 1575 αὐτῶν.
669 1539 725 1576 sua.
1070 1524 1120 1577 bus
1138 1525 1202 1579 suia.

362 1610 475 1680 Philipp.
497 1613 546 1679 1,4.
748 1613 852 1682 Fragm.
873 1611 965 1666 Italae.

269 1702 300 1754 tr
318 1697 489 1770 dertosanae.
668 1700 695 1754 in
714 1700 875 1756 oratione
894 1718 961 1756 mea.
1070 1702 1097 1755 in
1117 1704 1278 1759 orationibus
1297 1706 1372 1760 meis.

360 1792 382 1845 l.
401 1789 461 1844 Joh.
481 1792 550 1855 5,16.
757 1791 827 1846 itala
844 1790 960 1860 Speculi.

269 1883 325 1939 τοῖς
343 1875 559 1950 ἁμαρτάνουσιν.
668 1880 904 1949 peccantibus.
1070 1883 1197 1950 peccanti.

370 1969 450 2023 llarc.
471 1971 531 2037 732

268 2056 400 2128 ἀσέλγεια.
668 2058 897 2128 impudicitia.
1069 2060 1257 2129 impudicitiae.

368 2148 444 2201 Rom.
463 2149 532 2216 838.

268 2227 329 2288 οὔτε
348 2234 488 2307 δυνάμεις.
667 2254 754 2307 neque
772 2239 1009 2294 fortitudines.
1069 2255 1157 2308 neque
1176 2240 1311 2296 fortitudo.

367 2328 390 2381 l.
410 2326 469 2383 cor.
490 2329 540 2394 73.

268 2415 314 2474 τὰς
332 2421 470 2488 πορνείας.
667 2416 944 2472 fornicationes,
1069 2417 1279 2473 fornicationem.

357 2507 380 2558 1.
399 2505 472 2560 Petr.
492 2506 543 2573 5,3.

267 2590 349 2648 ιὺιιοι
365 2593 521 2664 γενόμενοι.
667 2597 793 2651 formae
811 2597 884 2651 facti.
1068 2599 1156 2653 forma
1173 2598 1246 2654 faeti.

377 2685 459 2739 Hebr.
480 2686 530 2751 7,l.

266 2768 392 2840 δεκάτην.
667 2775 841 2830 decimam.
1068 2777 1193 2831 decimas.

489 2891 516 2961 cl
542 2885 677 2949 Genus
701 2886 960 2949 substantivi
983 2886 1064 2950 Itala
1087 2889 1218 2952 retinet:

802 2990 903 3045 Itala
1051 2995 1055 3136 Ι
1176 2991 1329 3061 Vulgata.

364 3079 389 3133 2.
408 3078 467 3134 cor.
487 3080 538 3133 52.

266 3167 296 3221 τὸ
316 3164 473 3238 οἰκητήριον
491 3164 578 3238 ἡμῶν.
665 3168 932 3223 habitaculum
976 3187 1039 3224 no·
1066 3170 1256 3225 habitationem
1271 3175 1332 3225 nost
1346 3189 1396 3226 am.

665 3261 784 3312 etrum.

366 3347 441 3401 Rom.
462 3348 530 3411 12‚6.

260 3430 636 3509 χαρίσματα-..διάφορα
665 3437 771 3491 dona.
793 3436 983 3492 ..diversa
1066 3439 1300 3494 donatianae...
1327 3480 1333 3492 .
1358 3440 1438 3495 dille-

1067 3530 1164 3582 rentes¹

376 3813 473 3878 Haud
505 3833 609 3897 pauca
642 3815 676 3876 in
713 3813 793 3877 Itala
821 3820 996 3879 oecununt
1029 3815 1176 3899 exempla
1211 3817 1441 3881 adiectirorum

265 3922 508 4006 diligentissime
531 3921 765 3985 translatorum.

376 4046 446 4124 Qua
480 4046 647 4129 diligentia
684 4052 790 4111 motus
833 4051 945 4111 auctor
982 4048 1080 4112 Italae
1117 4047 1207 4111 Rom.
1248 4050 1342 4131 11,33
1380 4068 1438 4132 pro

265 4145 508 4238 ἀνεξερεύνηια,
546 4173 620 4217 cum
655 4149 826 4239 ἕξερεανᾶν
861 4154 946 4217 idem
982 4155 1087 4219 voleat
1122 4160 1216 4238 atque
1254 4157 1439 4238 »scrutari‹‚

264 4260 334 4323 iure
361 4260 696 4324 »inscrutabilia«
722 4260 835 4343 reddit,
859 4281 924 4325 non
946 4262 1332 4346 »incomprehensibilia«,
1356 4264 1439 4328 sieut

265 4364 501 4448 Hieronymum
533 4368 650 4433 deinde
683 4367 780 4454 δῆλον
808 4362 861 4430 ὅτι
893 4371 920 4432 l.
946 4368 1014 4433 Cor.
1041 4372 1133 4452 1527
1160 4370 1198 4434 ab
1222 4369 1303 4434 Itala
1324 4371 1441 4435 melius

264 4472 304 4536 ad
338 4472 471 4537 verbum
501 4494 688 4558 expressum
718 4473 866 4539 videmus
893 4478 1174 4542 »manifestum
1198 4480 1309 4561 quio«
1343 4498 1438 4560 quam

264 4599 283 4642 a
308 4579 454 4664 Vulgata,
478 4580 535 4644 ubi
561 4582 789 4647 »enodatio«
815 4583 963 4668 legimus,
987 4588 1019 4648 et
1044 4588 1071 4648 l.
1096 4583 1166 4649 Cor.
1197 4588 1269 4668 2,13
1301 4574 1373 4650 ἀλλ’
1404 4580 1439 4650 ἐν
