3517 5175
817 364 1033 428 -16-4

345 540 426 609 culis
449 544 703 626 conscriptorum
726 542 824 608 verbo
846 534 940 629 ἡμῶν
969 539 1027 628 τὴν
1056 537 1142 626 ὑπὲρ
1174 535 1266 624 ὑμῶν
1298 544 1517 625 Hieronymus

344 651 490 735 probavit
513 670 587 715 cum
611 649 780 714 scriberet:
809 654 977 732 mestrem,
1001 669 1095 731 quam
1125 671 1182 735 pro
1212 651 1302 715 robis
1331 651 1516 716 habemus«.

456 776 644 839 Genetirum
670 774 787 856 singul.
816 765 944 839 αὐτοῦ
975 795 1044 857 pro
1076 777 1321 857 pronomine
1355 796 1517 859 posses-

343 885 432 946 sivo
456 887 644 966 usurpatum
668 881 748 945 ltala
771 888 919 946 accurate
937 882 1077 946 reddidit
1093 886 1163 946 Act
1183 904 1231 967 ap.
1257 885 1325 964 t,20
1345 881 1517 968 γενηθήτω

345 983 363 1076 'l
387 988 526 1065 ἔπαυλις
551 981 653 1054 αὐτοῦ
677 985 808 1076 ἔρημος,
833 990 892 1052 fiat
917 989 990 1052 villa
1014 991 1107 1054 eius
1135 990 1268 1072 deserta,
1298 990 1517 1071 Hieronymus

345 1102 449 1162 autem
477 1116 625 1161 »eorum«
653 1097 781 1179 scripsit
804 1115 926 1160 memor
949 1097 1034 1159 haud
1057 1096 1153 1161 dubie
1171 1097 1303 1180 pluralis
1323 1088 1441 1160 αὐτῶν.
1462 1096 1516 1177 qui

343 1204 458 1268 Psalm.
484 1204 578 1286 6826
603 1223 661 1266 suo
684 1204 754 1267 iure
778 1202 903 1286 legitur.

454 1329 555 1406 Quam
582 1328 780 1411 diligentiam
806 1328 905 1392 Italae
931 1328 979 1390 liis
1004 1348 1131 1409 qnoque
1155 1328 1233 1392 locis
1257 1328 1442 1391 laudamus:

452 1436 525 1500 doh.
547 1437 620 1518 5‚28
641 1436 700 1519 τῆς
721 1437 834 1520 φωνῆς
855 1429 968 1508 αὐτοῦ,
986 1435 1023 1498 lt
1045 1456 1154 1500 vocem
1172 1437 1277 1518 eius,
1295 1435 1388 1518 Vulg.
1406 1454 1516 1498 rocem

268 1561 272 1569 '
342 1542 413 1607 Filii
438 1543 514 1608 Dei:

452 1650 548 1714 Marc.
574 1651 667 1733 1229
693 1641 711 1711 ὁ
735 1646 817 1726 θεὸς
842 1642 941 1736 ἡμῶν,
968 1648 1004 1712 lt.
1029 1649 1108 1714 deus
1131 1654 1293 1731 noster,
1314 1649 1407 1732 Vulg.
1426 1653 1515 1726 tuus;

452 1759 481 1821 2.
506 1757 588 1821 Petr.
612 1753 697 1821 κατὰ
720 1755 780 1835 τὰς
804 1750 893 1832 ἰδίας
916 1748 1024 1820 αὐτῶν
1047 1754 1243 1838 ἐπιθυμίας,
1276 1756 1312 1820 It
1337 1756 1514 1821 secundum

343 1865 486 1949 proprias
524 1865 802 1948 concupiscentias
840 1882 952 1944 suaS,
991 1863 1086 1946 Vulg.
1132 1865 1223 1927 iuxta
1260 1865 1405 1948 proprias
1443 1882 1516 1927 con-

342 1973 564 2056 cupiscentias.

451 2095 680 2160 Pronomen
717 2096 1078 2161 determinativum
1111 2089 1129 2158 ὃ
1166 2089 1266 2172 αὐτός
1298 2095 1516 2178 interpretatio

342 2205 496 2268 vetustior
520 2203 558 2267 ad
584 2202 717 2269 verbum
742 2205 770 2266 1.
795 2201 863 2266 Cor.
888 2205 957 2284 lap
983 2202 1107 2266 duobus
1130 2202 1372 2287 pronominibus
1399 2202 1514 2267 »idem

340 2312 460 2394 ipse«,
477 2310 615 2392 Vulgata
631 2311 733 2393 magis
749 2310 789 2373 ad
802 2311 993 2374 sententiam
1006 2311 1196 2394 pronomine
1213 2309 1335 2374 »idem«
1352 2310 1516 2393 expressit.

452 2434 569 2499 Casum
600 2435 716 2500 deinde
746 2436 1007 2518 pronominis
1039 2434 1242 2499 reflexiri
1275 2434 1355 2498 Itala
1386 2435 1518 2498 retinuit

341 2542 407 2607 Gal.
433 2543 483 2625 6,3
509 2543 709 2628 φρεναπατᾷ
734 2535 859 2607 ἑαυτόν,
893 2542 929 2605 It
953 2561 993 2606 se
1016 2543 1146 2626 ipsum
1172 2540 1305 2623 seducit,
1333 2541 1425 2624 Vulg.
1447 2543 1515 2625 ipse

339 2671 374 2715 se
397 2649 530 2731 seducit
562 2653 594 2714 et
619 2652 645 2712 l.
668 2649 740 2713 Joh.
773 2651 822 2731 l,8
856 2643 994 2725 ἑαυτοὺς
1024 2648 1209 2728 πλανῶμεν,
1240 2649 1277 2712 It.
1308 2668 1378 2712 nos
1405 2650 1516 2733 ipsos

338 2758 533 2847 seducimus,
557 2756 651 2840 Vulg.
675 2757 736 2839 ipsi
759 2775 817 2819 nos
842 2756 1035 2820 seducimus.

451 2881 684 2965 Etymologiam
728 2881 839 2946 eadem
874 2882 978 2945 versio
1017 2881 1131 2945 melius
1168 2881 1297 2945 videtur
1335 2883 1515 2965 respexisse

340 2990 406 3054 Gal.
438 2991 512 3072 2,18
537 2982 687 3070 ἐμαυτόν,
712 2989 803 3071 frgm.
827 2988 864 3051 lt
889 3008 946 3053 me
970 2988 1121 3071 ipsum,
1148 2987 1239 3071 Vulg.
1264 3008 1332 3068 me;

450 3096 587 3178 Philipp.
622 3096 694 3176 2,t2
728 3093 786 3181 τὴν
819 3089 945 3160 ἑαυτῶν
979 3091 1156 3180 σωτηρίαν,
1188 3093 1224 3157 It.
1250 3100 1424 3159 vestram
1455 3096 1515 3178 ip-

340 3223 473 3268 sorum
499 3203 632 3267 salntem
643 3201 666 3282 ¹)
691 3201 784 3285 Vulg.
809 3206 946 3266 vestram
971 3201 1115 3265 salutem.

428 3327 531 3392 Valde
564 3327 704 3408 denique
736 3326 956 3409 Hieronymus
985 3326 1024 3390 ab
1055 3326 1135 3389 Itala
1163 3330 1194 3390 et
1223 3346 1241 3389 a
1270 3331 1361 3392 texta
1385 3326 1514 3407 Graeco,

339 3436 465 3518 qualem
495 3453 584 3498 nunc
620 3433 781 3517 habemns,
815 3433 964 3498 abhorret
996 3435 1024 3496 2.
1058 3433 1128 3496 Cor.
1164 3434 1257 3515 10‚12
1290 3429 1515 3518 συγκρίνοντες

340 3535 477 3616 ἑαυτοὺς
501 3535 632 3617 ἑαυταῖς
656 3532 694 3604 od
726 3541 885 3613 συνιᾶσιν,
913 3539 1005 3623 Vulg.
1034 3540 1089 3605 sed
1119 3542 1180 3624 ipsi
1211 3541 1246 3603 in
1270 3540 1362 3604 nobis
1390 3542 1515 3602 nosmet

338 3648 425 3731 ipsos
448 3649 615 3713 metientes
639 3652 671 3712 et
694 3650 914 3730 comparantes
937 3653 1063 3711 uosmet
1087 3647 1172 3730 ipsos
1191 3647 1292 3727 nobis,
1315 3646 1352 3709 It.
1372 3652 1404 3713 et
1422 3645 1513 3728 lrgm.

339 3754 393 3818 It:
427 3760 712 3838 comparantes
745 3757 874 3820 semet
906 3755 1016 3838 ipsos
1048 3753 1218 3819 sibimet
1244 3754 1349 3838 ipsis
1377 3772 1441 3816 non
1465 3752 1514 3814 in·

340 3861 501 3945 tellegnnt,
518 3882 600 3945 quae
615 3861 714 3927 verba
729 3862 847 3945 optime
863 3881 938 3926 oum
954 3866 1045 3926 textu
1061 3865 1168 3925 nostro
1185 3861 1307 3925 Graeco
1324 3866 1513 3943 congruunt

452 3986 719 4051 Pronominis
744 3986 1067 4051 demonstrativi
1098 3985 1137 4049 ab
1161 3985 1242 4049 itala
1271 3985 1387 4050 melius
1418 4001 1513 4066 quam

340 4114 359 4157 a
381 4094 521 4178 Vulgata
543 4093 661 4157 redditi
684 4094 746 4158 duo
772 4093 968 4177 deprehendi
987 4093 1151 4177 exempla:

450 4200 522 4265 Joh.
548 4203 620 4283 1,18
645 4198 777 4278 ἐκεῖνος,
803 4201 840 4265 It
862 4201 953 4283 ille,
979 4201 1071 4284 Vulg.
1095 4202 1180 4284 ipse;

451 4310 480 4371 2.
497 4307 566 4372 Cor.
582 4309 631 4390 4‚1
649 4304 709 4393 τὴν
725 4304 896 4373 διακονίαν
911 4307 1040 4395 ταύτην,
1058 4307 1095 4371 It
1110 4308 1220 4372 hanc
1238 4307 1512 4385 ministrationem,

340 4415 434 4498 Vulg.
458 4415 733 4480 ministrationem.

446 4593 466 4663 ¹)
484 4591 526 4646 De
545 4590 595 4646 eir.
613 4590 672 4659 Dei,
691 4590 784 4659 XIV‚?
804 4593 832 4645 et
849 4591 890 4644 De
909 4590 1006 4645 Genesi
1025 4589 1144 4657 influa
