3517 5175
672 382 894 446 ..81-

198 561 234 626 It
265 565 296 627 et
325 560 436 645 fragm.
467 560 503 625 It
535 566 687 644 quantam
718 561 852 646 perfecit
879 561 914 624 in
938 561 1029 625 vobis
1051 560 1250 643 industriam,
1274 559 1369 645 Vulg.

198 673 349 752 (tempore
368 668 458 734 verbi
481 668 640 752 neglecto)
660 672 812 750 quantam
832 720 838 732 .
859 719 865 732 .
886 719 892 733 .
913 719 919 731 .
939 673 1087 753 operatur
1105 668 1368 750 sollicitudinem

198 776 264 841 Gal.
288 777 358 858 6,Il
386 770 473 841 ἴδετε
497 772 653 862 πηλίκοις
676 769 752 857 ὑμῖν
774 769 964 862 γράμμασιν
987 770 1130 863 ἔγραψα,
1156 797 1241 841 nora
1258 777 1369 860 fragm.

197 884 233 947 It
257 884 405 966 qualibus
423 884 536 949 litteris
555 882 645 946 robis
664 882 786 963 scribsi,
803 882 897 965 Vulg.
917 883 1029 966 scripsi
1051 883 1156 963 vobis3
1179 886 1205 947 I.
1224 884 1296 949 Joh.
1316 887 1368 969 3‚2

197 982 291 1056 οὔπω
316 986 516 1077 ἐφανερώθη
540 984 574 1054 τί
596 986 757 1072 ἐσόμεθα,
783 989 819 1053 lt
844 995 877 1054 et
900 989 993 1074 Vulg.
1019 990 1097 1072 quid
1121 992 1248 1056 erimus,

307 1118 427 1179 Amore
456 1115 624 1179 indicativi
653 1115 804 1179 inductus
835 1119 946 1180 auctor
973 1115 1071 1181 Italae
1094 1115 1172 1182 Luc.
1198 1119 1270 1199 12,4
1293 1137 1371 1199 quo-

196 1242 259 1305 que
281 1242 339 1307 pro
362 1222 469 1287 verbis
491 1219 537 1310 μὴ
568 1218 708 1303 ἐχόντων
738 1215 978 1309 περισσότερόν
1008 1246 1041 1287 τι
1070 1225 1221 1311 ποιῆσαι,
1256 1225 1371 1307 quibus

195 1331 400 1412 interrogatio
447 1350 512 1394 non
556 1331 648 1412 inest,
685 1328 783 1394 verba
825 1329 982 1412 »amplius
1019 1349 1083 1393 non
1123 1330 1249 1413 habent,
1293 1332 1372 1415 quid

195 1437 378 1502 faciunt«
404 1436 545 1501 reddidit
566 1437 767 1519 Hieronymo
792 1437 1030 1501 coniunctivam
1054 1443 1237 1521 usurpante.

307 1561 442 1627 Perraro
480 1564 514 1624 in
548 1561 629 1625 Itala
664 1581 792 1644 quoque
825 1562 857 1625 in
893 1562 1195 1646 interrogationibus
1234 1562 1372 1646 obliquis

196 1671 441 1735 coniunctivum
465 1670 537 1752 legi.

307 1795 451 1859 Primum
465 1796 691 1860 coniunctivus
706 1794 903 1857 dubitativus
918 1794 1011 1858 nobis
1024 1796 1164 1860 occurrit
1176 1794 1284 1859 Matth.
1297 1797 1371 1879 8,20

196 1895 257 1968 οὐκ
288 1899 355 1984 ἔχει
384 1905 452 1968 ποῦ
481 1898 540 1989 τὴν
569 1899 719 1988 κεφαλὴν
745 1896 850 1987 κλίνῃ,
878 1901 912 1964 [t.
937 1908 969 1965 et
993 1901 1085 1985 Vulg.
1109 1921 1174 1967 non
1198 1903 1294 1969 habet
1316 1903 1372 1967 ubi

195 2013 294 2094 caput
315 2009 457 2090 reclinet,
487 2029 549 2091 quo
581 2009 788 2073 coniunctim
819 2007 996 2073 dubitativo
1028 2009 1142 2075 (lraeci
1173 2015 1204 2075 et
1233 2010 1371 2074 Romani

195 2119 292 2182 etium
315 2119 351 2179 in
369 2116 674 2199 interrogationibus
693 2114 878 2178 dubitativis
898 2115 1027 2181 directis
1045 2117 1234 2196 utebantur,
1259 2117 1370 2183 eadem

194 2225 234 2289 de
261 2244 359 2288 causa
381 2224 606 2288 coniunctivus
636 2225 663 2287 1.
695 2222 764 2287 Cor.
796 2226 868 2305 7,32
899 2225 1064 2306 retinetur,
1095 2226 1122 2287 si
1152 2224 1322 2289 lectionem
1354 2246 1373 2288 a

192 2331 435 2396 Tischendorlio
465 2330 629 2414 probatam
661 2331 880 2415 praeterimus,
912 2350 994 2413 quae
1025 2334 1073 2395 est
1093 2331 1236 2419 μεριμνᾷ
1261 2379 1268 2391 .
1295 2381 1303 2395 .
1331 2379 1370 2397 ..

195 2441 268 2517 πῶς
292 2430 395 2524 ἀρέσῃ
419 2442 465 2524 τῷ
488 2435 591 2524 κυρίῳ
621 2474 655 2483 -
681 2437 717 2500 It.
742 2443 773 2503 et
796 2437 890 2520 Vulg.
910 2438 1069 2519 quomodo
1086 2438 1212 2521 placeat
1229 2437 1298 2504 Deo
1319 2477 1370 2522 —,

192 2547 383 2631 praesertim
407 2566 481 2611 curn
506 2546 611 2612 rerbiS
635 2545 733 2611 italae
758 2546 849 2628 quasi
872 2544 1033 2610 fulciatur.

308 2671 477 2737 Praeterea
500 2673 580 2735 Itala
603 2672 667 2736 duo
691 2671 786 2735 modo
810 2670 957 2755 exempla
977 2672 1175 2736 coniunctivi
1193 2673 1372 2756 praesends

195 2778 287 2843 verbi
310 2779 475 2843 auxiliaris
502 2799 632 2844 »esse«
658 2781 692 2841 in
722 2778 1027 2862 interrogationibus
1058 2778 1196 2861 obliquis
1227 2781 1372 2863 usurpati

196 2886 348 2951 exhibet:

309 2996 335 3057 1.
359 2993 428 3058 Gor.
453 2996 525 3075 3,13
550 2987 840 3059 trinitatatem
866 2998 933 3078 πῦρ
958 2985 1038 3058 oded
1062 2989 1246 3075 δοκιμάσει,
1277 2993 1313 3058 It
1341 2999 1372 3059 et

195 3100 292 3184 Vulg.
316 3101 409 3182 quale
433 3102 482 3183 slt,
505 3102 591 3183 ignis
613 3099 775 3183 probabit3

305 3207 420 3291 Ephes
446 3209 519 3287 5,10
544 3202 778 3288 δοκιμάζοντες
796 3204 830 3271 τί
852 3204 941 3271 ἐστιν
960 3200 1147 3293 εὐάρεστον,
1169 3209 1206 3272 lt.
1226 3214 1258 3274 et
1277 3209 1371 3293 Vulg.

197 3314 274 3397 quid
300 3317 341 3377 sit
362 3315 607 3398 beneplacitum,
636 3312 752 3395 quibus
774 3313 854 3378 locis
878 3316 1063 3396 ceteroquin
1087 3318 1194 3379 textus
1218 3315 1316 3380 Italae
1340 3321 1372 3381 et

194 3422 353 3504 Vulgatae
377 3422 469 3487 valde
492 3422 577 3486 inter
600 3441 633 3485 se
657 3420 849 3505 discrepant

307 3547 411 3612 Aliter
439 3546 688 3612 existimandum
719 3549 768 3611 est
797 3546 837 3611 de
867 3547 956 3627 libro,
989 3548 1042 3628 qui
1078 3545 1288 3630 »Speculum«
1321 3550 1371 3611 in-

195 3656 332 3738 scriptus
365 3661 421 3736 est,
454 3659 486 3719 et
517 3654 556 3718 de
584 3654 683 3736 Ilbris,
712 3656 767 3735 qui
796 3658 871 3716 sunt
897 3652 963 3718 »De
993 3654 1110 3718 Genesi
1137 3654 1177 3718 ad
1201 3654 1370 3719 litterani«.

196 3761 234 3825 In
268 3762 414 3846 plurimis
446 3762 530 3826 enirn
564 3762 849 3844 interrogationum
883 3760 1083 3842 obliquarum
1121 3781 1162 3825 en
1197 3761 1371 3845 Scri-pteris

195 3871 316 3934 sanctis
339 3869 514 3951 allatarum,
545 3889 623 3951 quas
647 3870 681 3931 in
705 3869 745 3932 iis
768 3867 859 3931 libris
882 3868 1002 3949 inveni,
1033 3869 1272 3932 coniunctirum
1297 3869 1370 3952 legi,

195 3980 230 4040 ut
258 3996 332 4041 eum
355 3976 494 4059 Vulgata
522 3975 616 4059 plane
647 3980 832 4058 congruant
878 3974 979 4038 Cuius
1011 3995 1187 4040 consensus
1218 3975 1371 4041 tredecim

193 4085 229 4146 in
268 4084 403 4167 Speculo
442 4084 555 4167 collegi
594 4084 750 4165 exempla,
790 4102 892 4145 unum
927 4082 962 4144 in
997 4082 1095 4164 libris,
1131 4072 1187 4165 qui
1220 4088 1295 4146 sunt
1331 4081 1371 4147 de

197 4190 315 4255 Genesi
339 4193 472 4275 repperi.
519 4190 621 4268 Quem
645 4209 838 4255 consensum
862 4208 926 4253 non
945 4188 1142 4271 mirabimur,
1165 4191 1193 4253 si
1211 4190 1368 4254 recordati

194 4298 314 4361 erimus
330 4298 432 4381 prima
447 4298 512 4360 iarn
528 4302 630 4362 aetate
645 4297 764 4361 tactum
781 4317 850 4362 esse
873 4302 929 4360 »ut
945 4297 978 4359 in
997 4296 1250 4361 testimoniorum
1271 4316 1371 4380 genu-

193 4405 321 4467 incrum
340 4403 446 4468 Iocum
467 4404 564 4469 rerba
582 4405 852 4487 interpretationis
872 4404 1017 4487 vulgatam
1037 4403 1323 4468 substituerentur«
1336 4401 1369 4490 ¹).

303 4616 323 4685 ι)
342 4615 489 4682 Wcibrich,
509 4616 591 4685 praef.
611 4616 637 4668 in
658 4615 733 4685 Spec.
752 4631 811 4685 pag.
829 4615 920 4670 XVII.
940 4617 968 4670 et
985 4615 1104 4671 XVIIII.

1208 4706 1226 4761 6
