3517 5175
368 1397 563 1492 Priusquam
594 1408 707 1474 doctus
736 1409 791 1474 illo
822 1408 1042 1492 Hieronymus
1074 1409 1109 1472 in
1138 1409 1254 1494 oppido
1287 1408 1434 1474 Stridone

261 1520 354 1580 natus
381 1516 458 1582 inde
487 1516 526 1581 ab
555 1536 638 1581 anuo
662 1537 691 1599 p.
715 1516 787 1580 Chr.
811 1536 842 1580 n.
871 1518 1094 1582 trecentesimo
1123 1517 1317 1600 octogesimo
1341 1519 1433 1582 tertio

263 1620 399 1687 Damaso
425 1625 572 1707 episcopo
592 1623 735 1688 Romano
756 1627 886 1689 auctore
903 1623 1082 1709 Scripturas
1097 1627 1225 1689 sanetas
1238 1624 1274 1688 in
1290 1624 1433 1708 linguam

259 1728 405 1794 Latinam
428 1731 615 1796 transferret
638 1750 771 1813 eamque
798 1732 974 1797 conticeret
1001 1732 1308 1815 interpretationem,
1337 1751 1432 1814 quam

262 1857 280 1900 a
307 1835 396 1902 Sixto
426 1837 465 1901 V.
496 1842 528 1903 et
557 1836 720 1903 Clemente
746 1837 834 1902 VIII.
859 1840 950 1923 papis
979 1842 1180 1904 retractatam
1205 1838 1343 1922 Vulgata
1372 1839 1434 1904 hoc

261 1949 402 2028 tompore
422 1944 562 2026 exhibet,
585 1945 757 2009 Christiani
780 1945 820 2009 ad
844 1965 994 2010 occasum
1015 1946 1195 2011 habitantes
1214 1949 1247 2011 et
1262 1945 1432 2011 Christiani

262 2052 433 2117 Africanae
456 2053 656 2136 potissimum
682 2052 836 2118 eeclesiae
860 2073 879 2116 a
902 2052 1043 2118 secundo
1066 2053 1193 2118 saeculo
1217 2053 1434 2137 compluribus

263 2159 326 2222 iam
350 2158 530 2223 Bibliorum
554 2159 723 2225 Sacrorum
745 2158 869 2223 Latinis
893 2158 1065 2225 utebantur
1087 2159 1296 2225 versionibus.
1335 2159 1434 2225 Cuius

261 2267 307 2330 rei
331 2271 427 2332 testes
450 2271 526 2331 sunt
544 2267 757 2332 Tertullianus
778 2266 1061 2350 Carthaginiensis
1085 2267 1141 2349 qui
1162 2286 1246 2330 anno
1262 2286 1291 2351 p.
1308 2266 1381 2331 Chr.
1402 2288 1434 2331 n.

261 2374 327 2439 iere
344 2373 563 2439 ducentesimo
579 2375 668 2456 vixit
685 2377 716 2440 et
732 2374 913 2458 Cyprianus
934 2394 1018 2438 anno
1033 2393 1063 2458 p.
1080 2373 1152 2438 Chr.
1167 2393 1198 2437 n.
1214 2373 1434 2439 ducentesimo

220 2523 223 2526 -
262 2481 527 2565 quinquagesimo
556 2481 746 2565 Carthagine
771 2482 912 2565 episcopi
935 2500 1067 2546 munere
1089 2482 1228 2545 iunctus.
1263 2481 1434 2564 Utriusque

263 2590 349 2652 enim
373 2591 512 2653 auctoris
537 2589 634 2654 rerba
657 2589 751 2653 allata
773 2590 1030 2672 antiquissimam
1054 2588 1185 2672 quidem
1208 2589 1342 2652 formam
1365 2609 1435 2655 vor·

261 2694 374 2760 borum
406 2696 598 2779 divinorum,
630 2717 711 2779 quae
742 2697 776 2760 in
808 2697 980 2780 Scripturis
1010 2698 1129 2760 sanctis
1161 2695 1284 2760 Latinis
1314 2697 1435 2779 insunt,

263 2802 424 2886 exhibent
454 2803 511 2869 sed
541 2803 619 2869 adeo
649 2805 733 2869 inter
762 2824 796 2869 se
820 2804 1010 2888 discrepant,
1038 2808 1074 2866 ut
1097 2823 1135 2868 ea
1157 2802 1280 2867 duabus
1304 2822 1346 2868 er
1364 2823 1435 2868 ver-

262 2909 405 2974 sionibus
420 2912 517 2975 rariis
538 2918 570 2975 et
590 2910 725 2975 dirersis
741 2911 836 2975 allata
857 2930 927 2976 esse
948 2911 1018 2975 iure
1035 2910 1295 2991 existimemus.1)
1324 2909 1436 2993 Cypri-

261 3036 357 3080 anum
373 3019 515 3083 maxime
530 3019 633 3083 secuti
648 3022 725 3082 sunt
741 3024 772 3082 ot
786 3017 944 3083 Firminus
960 3017 1124 3082 Maternus
1144 3018 1178 3080 in
1198 3017 1279 3081 libro
1300 3036 1385 3081 anno
1406 3038 1435 3101 p.

263 3123 334 3187 Chr.
357 3145 387 3187 n.
409 3125 476 3190 fere
496 3127 719 3190 trecentesimo
742 3124 985 3209 quadragesimo
1009 3126 1144 3208 septimo
1166 3125 1355 3208 conscripto,
1380 3126 1436 3206 qui

260 3231 446 3296 inscribitur
461 3231 527 3297 »De
545 3252 650 3297 errore
669 3233 873 3316 profanarum
886 3233 1111 3316 religionum«,
1127 3239 1159 3297 et
1174 3231 1347 3315 Capreolus
1370 3233 1436 3316 epi-

257 3358 377 3436 scopus
389 3338 660 3423 Carthaginiensis
674 3341 708 3402 in
726 3340 839 3405 litteris
856 3345 968 3404 contra
982 3339 1140 3405 haeresim
1155 3337 1294 3404 Nestorii
1307 3339 1434 3422 seriptis

263 3449 294 3510 et
316 3445 500 3528 Primasius,
522 3449 643 3531 primas
666 3447 804 3529 Africae,
826 3448 862 3510 in
885 3447 1098 3530 Apocalypsis
1122 3446 1359 3511 commentario.

373 3569 524 3654 Magnum
536 3571 835 3655 interpretationum
847 3570 1033 3635 Latinarum
1046 3590 1217 3635 numerum
1232 3589 1290 3634 suo
1309 3574 1435 3635 exstare

262 3680 403 3762 tempore
427 3677 578 3742 Aurelius
603 3679 812 3761 Augustinus,
836 3678 1020 3762 praeclarus
1042 3678 1097 3743 ille
1121 3678 1288 3761 episcopus
1311 3676 1435 3760 Hippo-

262 3785 379 3865 nonme,
411 3785 446 3847 in
478 3784 569 3867 libro,
601 3786 655 3867 qui
688 3788 736 3850 est
765 3784 804 3851 de
835 3785 933 3850 doctr.
966 3785 1072 3850 christ.
1102 3784 1144 3867 Π,
1176 3787 1215 3848 11
1249 3784 1299 3848 his
1330 3783 1435 3848 verbis

264 3891 414 3956 affirmat:
442 3890 525 3968 »Qui
549 3892 635 3957 enim
659 3891 838 3975 Scripturas
861 3912 903 3957 ex
927 3891 1075 3957 Hebraea
1096 3891 1207 3975 lingua
1224 3892 1260 3954 in
1280 3890 1435 3956 Graecam

262 4004 435 4080 verterunt
470 3999 634 4063 numerari
667 4003 808 4082 possunt
841 3998 948 4063 Latini
978 4004 1084 4064 autem
1119 3999 1307 4083 interpretes
1344 3998 1435 4061 nullo

262 4104 387 4186 modo«,
420 4109 451 4170 et
479 4105 520 4188 H,
553 4106 608 4169 16:
644 4104 835 4188 »plurimum
866 4106 920 4171 hic
950 4125 1077 4188 quoque
1106 4106 1196 4170 iuvat
1223 4106 1434 4189 interpretum

262 4213 475 4277 numerositas
498 4213 620 4278 collatis
644 4211 807 4277 codicibus
830 4214 976 4296 inspecta
997 4217 1093 4296 atque
1117 4213 1288 4278 discussa«

376 4337 465 4415 Quae
489 4357 599 4403 omnes
622 4338 898 4422 interpretationes
922 4340 1073 4421 antiquae
1096 4357 1162 4402 non
1185 4356 1331 4401 sermone
1354 4355 1434 4420 puro

262 4448 294 4509 et
321 4443 434 4509 Latino
467 4443 629 4509 Ciceronis
658 4444 709 4510 rel
740 4444 885 4509 Caesaris
916 4445 1079 4511 confectae
1110 4450 1208 4527 erant,
1238 4443 1294 4509 sed
1323 4443 1435 4526 lingua

369 4621 389 4691 ¹)
408 4620 502 4683 Linlre.
524 4620 650 4677 »Studien
669 4637 717 4675 zur
735 4619 828 4676 Itala».

1275 4710 1308 4764 μ
